1659 2499
358 95 452 126 PRO
486 95 526 135 Q.
558 94 760 126 LIGARIO
794 95 986 128 ORATIO.
1048 87 1094 142 §§
1130 87 1278 127 10-16.
1397 99 1446 137 19

186 208 302 252 atque
337 204 566 252 optimarum
601 208 693 239 nota
724 201 817 239 mihi
850 209 937 239 sunt
973 202 1115 240 omnia.
1174 202 1307 250 Itaque
1342 207 1447 239 certo
1470 210 1508 240 13

187 267 268 305 scio
285 279 352 305 vos
372 279 452 304 non
472 274 601 316 petere
622 268 862 316 sanguinem,
876 267 943 305 sed
965 279 1101 316 parum
1122 267 1323 305 attenditis.
1369 266 1448 304 Res

186 332 289 370 enim
313 345 361 370 eo
391 339 548 382 spectat,
570 338 611 368 ut
641 344 685 370 ea
714 344 852 382 poena,
873 333 911 370 in
941 344 1018 383 qua
1047 332 1173 370 adbuc
1203 331 1251 379 Q.
1274 331 1448 382 Ligarius

183 398 242 444 sit,
278 409 359 436 non
390 397 594 435 videamini
631 410 715 435 esse
754 398 935 436 contenti.
993 396 1105 444 Quae
1136 405 1192 435 est
1224 397 1339 446 igitur
1373 397 1448 435 alia

187 470 336 514 praeter
365 463 555 501 mortem?
615 462 653 499 Si
681 464 783 500 enim
814 470 870 500 est
900 463 939 500 in
968 463 1092 508 exilio,
1124 463 1233 501 sicuti
1264 471 1331 509 est,
1355 461 1447 512 quid

134 574 146 588 ·
187 529 350 579 amplius
371 528 601 578 postulatis?
633 541 682 565 an
713 541 759 566 ne
791 529 1048 578 ignoscatur?
1095 528 1185 566 Hoc
1206 541 1296 566 vero
1326 528 1448 566 multo

186 596 362 633 acerbius
385 595 581 645 multoque
601 603 658 632 est
679 595 818 633 durius.
879 594 997 642 Quod
1024 607 1096 633 nos
1119 592 1262 647 [domi]
1284 595 1448 643 petimus

186 661 374 711 precibus,
395 660 570 705 lacrimis,
592 660 696 698 strati
717 661 765 697 ad
786 660 915 710 pedes,
935 673 1013 698 non
1034 668 1113 697 tam
1133 668 1287 698 nostrae
1309 672 1448 698 causae

187 727 348 765 fidentes
368 739 484 777 quam
506 726 616 763 huius
636 725 873 772 humanitati,
889 725 926 763 id
948 738 996 763 ne
1017 726 1274 775 impetremus,
1296 737 1447 775 oppug-

187 793 298 830 nabis
318 799 354 830 et
380 793 420 829 in
446 798 619 829 nostrum
645 791 778 829 fletum
809 792 1004 841 inrumpes
1033 798 1071 829 et
1101 803 1173 830 nos
1201 791 1369 829 iacentes
1399 790 1447 828 ad

184 858 303 908 pedes
334 857 550 908 supplicum
580 869 675 895 voce
717 857 967 907 prohibebis?
1025 857 1074 904 Si,
1108 870 1197 896 cum
1228 857 1303 895 hoc
1343 857 1447 894 domi
1469 866 1507 896 14

186 923 408 970 faceremus,
448 922 553 973 quod
590 930 627 960 et
666 923 826 960 fecimus
856 930 905 969 et,
944 930 985 960 ut
1025 935 1150 972 spero,
1191 935 1271 960 non
1310 922 1447 960 frustra

187 989 357 1034 fecimus,
387 996 427 1026 tu
459 996 614 1038 repente
649 989 828 1027 inruisses
859 996 897 1027 et
931 989 1095 1027 clamare
1126 989 1344 1038 coepisses:
1376 988 1446 1026 ‘C.

188 1055 343 1100 Caesar,
368 1067 458 1093 cave
488 1055 677 1104 ignoscas,
702 1067 793 1093 cave
823 1061 859 1092 te
888 1054 1047 1092 fratrum
1076 1068 1146 1105 pro
1175 1053 1298 1092 fratris
1327 1054 1447 1092 salute

187 1121 470 1159 obsecrantium
519 1118 755 1166 misereatl',
806 1132 937 1157 nonne
979 1132 1136 1158 omnem
1174 1120 1448 1158 humanitatem

186 1187 388 1224 exuisses?
446 1185 603 1232 Quanto
623 1185 696 1224 hoc
718 1185 859 1237 durius,
877 1185 982 1236 quod
1003 1198 1074 1223 nos
1095 1186 1201 1223 domi
1221 1187 1396 1235 petimus,
1411 1186 1448 1223 id

187 1259 225 1290 te
240 1252 279 1289 in
296 1252 378 1290 foro
394 1264 621 1301 oppugnare
642 1258 678 1289 et
698 1251 737 1288 in
758 1251 821 1288 tali
842 1252 992 1289 miseria
1004 1251 1213 1289 multorum
1233 1251 1448 1301 perfugium

187 1317 468 1355 misericordiae
488 1316 621 1355 tollere
639 1319 646 1354 l
703 1316 842 1354 Dicam
863 1316 992 1366 plane,
1014 1316 1167 1363 Caesar,
1189 1317 1292 1368 quod
1313 1318 1447 1355 sentio.

189 1382 228 1420 Si
248 1384 287 1420 in
307 1383 379 1420 hac
400 1390 504 1420 tanta
530 1389 594 1420 tua
618 1382 769 1420 fortuna
796 1382 930 1420 lenitas
960 1389 1066 1419 tanta
1090 1395 1169 1421 non
1199 1389 1308 1429 esset,
1331 1395 1446 1432 quam
1470 1391 1508 1421 15

188 1457 228 1486 tu
249 1461 317 1498 per
337 1456 384 1493 te,
406 1455 551 1497 per-te,
572 1448 742 1497 inquam,
763 1447 914 1497 optines
934 1447 1143 1497 (intellego,
1164 1447 1256 1498 quid
1282 1447 1447 1499 loquar),

187 1514 433 1552 acerbissimo
463 1513 568 1551 luctu
598 1513 828 1550 redundaret
856 1513 927 1550 ista
956 1513 1124 1551 victoria.
1183 1513 1314 1560 Quam
1342 1513 1449 1550 multi

187 1580 291 1618 enim
321 1586 447 1617 essent
476 1579 524 1616 de
553 1579 769 1624 victoribus,
799 1579 864 1628 qui
892 1585 929 1616 te
959 1578 1153 1616 crudelem
1186 1591 1270 1616 esse
1298 1579 1448 1624 vellent,

188 1657 276 1683 cum
306 1644 422 1682 etiarn
452 1644 499 1682 de
519 1644 626 1681 victis
655 1644 916 1693 reperiantur!
946 1656 1064 1694 quam
1084 1644 1202 1689 multi,
1224 1644 1290 1694 qui
1314 1656 1402 1682 cum
1428 1657 1449 1681 a

187 1717 224 1748 te
258 1710 406 1759 ignosci
443 1710 587 1747 nemini
618 1709 766 1755 vellent,
794 1709 1022 1759 impedirent
1056 1709 1298 1748 clementiam
1329 1717 1447 1755 tuam,

187 1788 275 1813 cum
296 1777 409 1814 etiam
429 1775 479 1823 hi,
501 1776 638 1826 quibus
667 1775 759 1825 ipsis
786 1775 976 1825 ignovisti,
998 1776 1119 1814 nolint
1138 1782 1174 1814 te
1194 1789 1276 1814 esse
1296 1776 1334 1813 in
1354 1776 1449 1814 alios

186 1841 498 1879 misericordem!
574 1841 726 1888 Quodsi
762 1841 925 1890 probare
964 1840 1121 1879 Caesari
1165 1854 1368 1891 possemus
1410 1842 1448 1879 in
1470 1846 1509 1876 16

186 1906 316 1944 Africa
342 1906 540 1956 Ligarium
565 1906 725 1944 omnino
749 1919 828 1943 non
855 1906 979 1953 fuisse,
1001 1907 1032 1944 si
1051 1906 1215 1946 honesto
1240 1914 1276 1945 et
1303 1907 1449 1945 miseri-

187 1971 292 2010 cordi
312 1971 516 2009 mendacio
537 1972 646 2009 saluti
668 1972 738 2009 civi
757 1972 981 2010 calamitoso
1005 1984 1090 2010 esse
1109 1973 1302 2018 vellemus,
1320 1979 1448 2011 tamen

187 2036 354 2075 hominis
386 2049 466 2074 non
499 2044 597 2074 esset
631 2038 670 2074 in
705 2043 813 2075 tanto
846 2037 1065 2075 discrimine
1095 2045 1132 2075 et
1161 2038 1331 2088 periculo
1361 2038 1450 2076 civis

188 2102 355 2139 refellere
385 2110 422 2140 et
451 2102 679 2151 redarguere
712 2110 886 2140 nostrum
920 2103 1177 2149 mendacium,
1206 2111 1255 2149 et,
1287 2103 1316 2140 si
1350 2110 1449 2140 esset

188 2166 360 2213 alicuius,
395 2167 476 2205 eius
509 2174 611 2205 certe
645 2179 725 2204 non
756 2173 866 2213 esset,
902 2168 966 2217 qui
1005 2169 1044 2205 in
1082 2168 1218 2205 eadem
1257 2180 1374 2206 causa
1412 2175 1449 2206 et

188 2230 338 2270 fortuna
369 2231 509 2270 fuisset.
568 2231 645 2270 Sed
678 2240 808 2270 tamen
848 2232 950 2270 aliud
985 2240 1041 2271 est
1078 2246 1201 2271 errare
1240 2232 1447 2271 Caesarem

787 2310 809 2337 c
833 2310 851 2335 2
