1659 2499
220 67 243 107 3
253 67 275 96 2
587 65 637 96 M.
676 65 824 96 TULLJ
855 66 1122 98 CICERONIS

305 169 466 199 ozcrselves
488 169 557 207 did,
577 170 658 200 with
684 170 742 200 less
765 176 946 209 excuse‚.at
971 172 1093 202 Rome.-
1129 173 1167 202 z'tz
1189 171 1351 214 dqference
1373 177 1403 203 lo
1428 173 1482 203 tlte

307 224 433 254 Senam.
481 225 533 255 He
545 224 650 255 heard
656 224 732 255 nollz
738 225 799 265 ing·
810 236 850 255 on
861 236 953 265 your
967 226 1034 256 side
1049 226 1150 267 osllze
1166 227 1323 268 question.
1372 228 1404 268 (5
1427 237 1437 257 1
1450 237 1463 257 2.
1470 240 1480 267 l*

305 279 444 319 bbrgz've
467 279 548 316 lzim,
570 280 596 311 C
596 290 699 317 amar,
718 279 755 320 tf
763 280 802 310 he
818 281 927 311 howell
945 285 977 311 lo
992 280 1045 311 tlte
1061 281 1232 321 authority
1248 282 1288 323 of
1296 283 1481 323 Pompeius,

304 334 419 364 second
432 334 469 364 z'n
484 339 652 374 greatness
674 335 750 374 only
772 338 803 365 lo'
812 334 970 376 yourseffl
1024 335 1055 373 ³²§
1080 336 1132 376 13]
1152 337 1205 366 He
1215 336 1338 376 joined
1354 337 1425 367 him
1443 337 1480 367 in

305 388 357 418 llu’
373 388 460 418 lzour
474 388 514 429 of
518 389 643 428 danger
658 389 775 419 rather
801 390 883 420 tlzan
907 388 946 430 qf
960 400 1078 420 success
1089 401 1103 427 ;
1134 389 1222 431 after
1243 390 1430 421 Pharsalus
1443 391 1480 422 he

304 443 363 483 lest
384 443 466 477 lzim,
482 443 612 484 having
622 443 769 485 satz'fiezl
781 444 834 474 his
849 444 1035 475 conscience.
1081 445 1114 475 T
1109 444 1356 485 lzencefimvanl
1372 446 1404 485 (ᾗ
1427 445 1479 485 14)

303 497 341 528 lte
356 508 398 528 se}
409 498 472 528 ved
476 508 554 538 you,
573 498 644 529 and
658 509 725 528 was
746 499 875 530 salutcd
887 499 926 539 by
934 510 1003 539 you
1022 510 1058 530 as
1074 498 1175 540 king)

176 630 193 658 8
270 626 313 661 3.
344 627 488 663 Iratum
524 635 559 664 te
594 627 672 676 regi
707 626 890 665 Deiotaro
924 627 1035 665 fuisse
1074 640 1153 665 non
1193 636 1300 666 erant
1339 629 1477 675 nescii3

213 692 406 729 adfectum
454 691 557 728 illum
597 692 826 740 quibusdam
866 693 1124 731 incommodis
1168 700 1204 730 et
1243 693 1478 731 detrimentis

213 763 368 806 propter
401 756 658 794 offensionem
690 758 808 794 animi
846 758 898 795 tui
931 759 1196 804 meminerant,
1228 766 1347 808 'teque
1387 771 1476 797 cum

212 823 298 859 huic
323 822 471 866 iratum,
493 829 573 858 tum
604 823 674 859 sibi
705 823 872 860 amicum
903 836 986 860 esse
1017 832 1289 873 cognoverant,
1310 837 1475 874 cumque

211 888 314 937 apud
344 888 469 936 ipsum
495 894 529 925 te
560 888 606 924 de
637 896 701 925 tuo
723 889 890 937 periculo
911 889 1089 935 dicerent,
1112 889 1192 926 fore
1222 890 1407 938 putabant
1438 897 1477 926 ut

209 954 247 989 in
268 953 487 990 exulcerato
510 954 640 991 animo
661 953 767 991 facile
785 954 912 991 fictum
934 955 1078 991 crimen
1094 954 1286 993 insideret.
1344 954 1475 1001 Quam

209 1019 260 1055 ob
282 1030 361 1055 rem
383 1017 455 1055 hoc
476 1031 548 1056 nos
577 1019 740 1067 primum
769 1027 884 1065 metu,
907 1019 1059 1065 Caesar,
1082 1032 1148 1068 per
1178 1019 1293 1057 fidem
1322 1027 1359 1057 et
1381 1032 1473 1058 con-

210 1084 385 1120 stantiam
419 1091 455 1121 et
487 1084 730 1122 clementiam
765 1092 870 1122 tuam
905 1085 1034 1131 libera,
1069 1097 1118 1122 ne
1156 1085 1319 1123 residere
1358 1085 1397 1122 in
1436 1093 1472 1122 te

208 1148 323 1186 ullam
344 1157 491 1198 partem
513 1150 731 1188 iracundiae
753 1151 1003 1199 suspicemur.
1061 1149 1131 1187 Per
1147 1151 1341 1188 dexteram
1362 1151 1472 1188 istam

207 1222 242 1251 te
282 1226 362 1259 oro,
402 1227 520 1264 quam
555 1215 632 1264 regi
675 1215 858 1253 Deiotaro
896 1215 1038 1264 hospes
1077 1215 1219 1264 hospiti
1259 1216 1469 1264 porrexisti,

208 1279 330 1323 istam,
352 1279 521 1328 inquam,
536 1279 733 1317 dexteram
754 1292 833 1317 non
853 1277 967 1332 [tam]
986 1280 1023 1316 in
1041 1280 1147 1317 bellis
1168 1293 1239 1318 nec
1261 1281 1298 1317 in
1320 1281 1472 1329 proeliis

207 1356 325 1393 quam
355 1344 393 1380 in
424 1345 619 1393 promissis
649 1353 686 1382 et
717 1345 790 1382 fide
822 1345 1038 1383 firmiorem.
1095 1346 1159 1382 Tu
1183 1345 1282 1383 illius
1311 1345 1470 1383 domum

207 1410 310 1455 inire,
346 1417 385 1446 tu
418 1418 524 1448 vetus
558 1410 768 1459 hospitium
811 1423 993 1448 renovare
1028 1411 1200 1456 voluisti;
1240 1420 1276 1448 te
1315 1411 1395 1448 eius
1433 1411 1469 1446 di

206 1483 362 1523 penates
401 1483 640 1524 acceperunt,
680 1482 716 1512 te
751 1476 918 1513 amicum
957 1484 994 1513 et
1030 1476 1223 1525 placatum
1261 1473 1468 1527 [Deiotari]

167 1556 184 1578 υ
207 1541 305 1589 regis
339 1553 426 1578 arae
459 1541 611 1590 focique
646 1541 831 1578 viderunt.
891 1541 991 1579 Cum
1023 1541 1132 1579 facile
1171 1542 1282 1586 orari,
1316 1541 1468 1587 Caesar,

206 1616 285 1643 tum
325 1607 442 1643 semel
479 1607 629 1644 exorari
669 1607 779 1644 soles.
838 1605 965 1643 Nemo
1010 1618 1195 1655 umquam
1235 1614 1271 1644 te
1310 1606 1470 1656 placavit

206 1671 393 1712 inimicus,
432 1671 497 1720 qui
536 1671 631 1708 ullas
670 1671 854 1709 resedisse
892 1671 931 1708 in
970 1678 1005 1708 te
1045 1658 1245 1709 simultatis
1292 1671 1469 1721 reliquias

205 1736 378 1774 senserit.
436 1735 684 1786 Quamquam
724 1737 784 1773 cui
819 1746 904 1773 sunt
934 1736 1124 1774 inauditae
1164 1749 1252 1774 cum
1281 1736 1468 1775 Deiotaro

204 1796 394 1850 querellae
414 1802 528 1839 tuae?
586 1800 812 1851 Numquam
830 1808 867 1838 tu
885 1801 989 1838 illum
1006 1802 1228 1839 accusavisti
1249 1809 1290 1838 ut
1303 1801 1466 1847 hostem,

205 1867 272 1904 sed
293 1874 332 1903 ut
353 1867 522 1904 amicum
543 1867 668 1904 officio
689 1879 824 1916 parum
846 1866 1027 1913 sunctum,
1048 1866 1154 1916 quod
1174 1867 1400 1916 propensior
1429 1868 1467 1904 in

204 1931 274 1969 Cn.
298 1931 459 1981 Pompei
486 1933 693 1969 amicitiam
725 1932 854 1970 suisset
883 1944 1000 1982 quam
1030 1932 1068 1968 in
1084 1938 1189 1969 tuam
1206 1945 1214 1978 ;
1247 1933 1307 1970 cui
1337 1940 1466 1970 tamen

203 1997 276 2046 ipsi
306 1997 357 2034 rei
387 1997 536 2034 veniam
565 2004 600 2034 te
630 1997 807 2034 daturum
836 1996 950 2034 fuisse
980 1997 1144 2042 dicebas,
1166 1997 1197 2034 si
1227 2004 1307 2034 tum
1328 1997 1466 2035 auxilia

204 2061 390 2111 Pompeio
411 2062 468 2099 vel
499 2063 529 2099 si
556 2062 669 2099 etiam
699 2062 819 2098 filium
847 2062 1022 2108 misisset,
1044 2062 1124 2111 ipse
1145 2062 1277 2100 aetatis
1307 2074 1465 2100 excusa-

145 2127 306 2164 lotione
326 2140 418 2165 usus
448 2134 558 2165 esset.
617 2127 675 2164 Ita
696 2139 782 2164 cum
812 2127 991 2164 maximis
1012 2139 1100 2164 eum
1130 2127 1246 2164 rebus
1274 2127 1464 2172 liberares,

111 2205 181 2246 UO)
203 2204 428 2242 perparvam
468 2192 654 2231 amicitiae
693 2192 846 2242 culpam
884 2191 1137 2241 relinquebas,
1212 2192 1346 2242 Itaque
1384 2203 1464 2230 non
