1659 2499
119 1322 136 1350 ¹0

141 1322 158 1351 [ὁ

179 95 231 126 22
541 93 595 126 M.
632 93 779 125 TULLI
809 93 1072 126 CICERONIS

177 211 257 236 non
278 199 433 237 venire?
490 197 814 246 ‘Poteramusne‚’
836 200 995 249 inquies,
1019 203 1027 218 ‘
1044 212 1134 237 cum
1161 207 1314 238 senatus
1343 212 1437 237 cen-

177 262 355 302 suisset?'
433 263 472 301 Si
510 277 574 302 me
622 264 804 311 consulis,
845 265 952 302 nullo
1000 265 1119 302 modo
1135 277 1144 311 ;
1193 265 1261 303 sed
1307 273 1437 302 tamen

178 330 375 379 Ligarium
395 337 548 368 senatus
569 330 672 368 idem
690 330 892 379 legaverat.
948 331 1076 380 Atque
1102 330 1162 368 ille
1188 343 1236 368 eo
1265 339 1438 381 tempore

177 396 313 445 paruit,
331 408 419 433 cum
435 408 568 446 parere
589 396 738 432 senatui
759 408 918 433 necesse
939 405 1020 433 erat
1027 409 1036 442 ;
1057 408 1126 433 vos
1148 404 1228 433 tum
1249 396 1438 446 paruistis,

178 473 267 499 cum
287 461 411 511 paruit
431 473 558 507 nemo,
574 461 640 510 qui
653 461 785 498 noluit.
818 460 1079 510 Reprehendo
1100 462 1240 510 igitur?
1271 460 1437 498 Minime

177 538 279 564 vero.
338 525 475 576 Neque
514 527 618 563 enirn
657 526 761 564 licuit
799 527 906 564 aliter
943 534 1068 564 vestro
1105 527 1246 576 generi,
1278 527 1436 573 nomini,

177 592 354 638 familiae,
386 591 617 641 disciplinae.
678 591 753 628 Sed
785 591 860 629 hoc
889 604 970 629 non
999 592 1184 638 concedo,
1216 599 1267 637 ut,
1298 593 1438 642 quibus

177 658 290 695 rebus
318 657 536 706 gloriemini
565 657 604 693 in
634 657 753 701 vobis,
774 657 930 695 easdem
959 658 998 694 in
1027 657 1110 694 aliis
1139 657 1438 706 reprehendatis.

180 722 401 760 Tuberonis
421 734 503 759 sors
524 723 697 760 coniecta
717 730 773 760 est
794 735 841 760 ex
863 730 1016 760 senatus
1038 723 1226 769 consulto,
1248 735 1336 761 cum
1356 724 1437 772 ipse

178 801 257 826 non
274 788 432 833 adesset,
450 788 588 825 morbo
610 788 724 825 etiam
744 788 992 838 impediretur
1003 801 1013 835 ;
1044 796 1227 826 statuerat
1242 801 1436 826 excusare.

178 854 290 891 Haec
319 865 392 903 ego
422 853 509 890 novi
535 861 689 902 propter
718 865 854 891 omnes
883 853 1195 900 necessitudines,
1217 866 1316 903 quae
1345 853 1438 891 mihi

178 925 266 956 sunt
295 931 384 956 cum
414 917 457 955 L.
480 919 711 964 Tuberone;
741 919 846 956 domi
875 931 954 956 una
982 919 1126 965 eruditi,
1156 919 1313 956 militiae
1343 931 1440 957 con-

177 983 402 1029 tubernaleS‚
426 992 511 1033 post
541 984 700 1029 adfines,
723 985 761 1020 in
790 985 898 1021 omni
927 984 1094 1034 denique
1114 984 1188 1022 vita
1208 984 1410 1023 familiares
1429 998 1439 1031 3

177 1061 363 1098 magnum
391 1049 507 1086 etiarn
528 1049 731 1094 vinculum,
753 1050 857 1098 quod
886 1050 1009 1087 isdem
1038 1050 1172 1087 studiis
1201 1061 1353 1099 semper
1381 1050 1438 1087 usi

177 1126 319 1152 sumus.
380 1114 468 1152 Scio
503 1115 616 1164 igitur
647 1115 899 1152 Tuberonem
930 1114 1034 1152 dorni
1066 1127 1222 1152 manere
1252 1115 1439 1161 voluisse3

177 1179 244 1216 sed
282 1180 333 1216 ita
371 1179 528 1230 quidam
568 1180 718 1229 agebat,
758 1180 810 1216 ita
847 1180 900 1217 rei
938 1180 1116 1229 publicae
1155 1181 1440 1218 sanctissimum

178 1257 319 1282 nomen
352 1246 588 1294 opponebat,
623 1253 674 1290 ut,
706 1245 854 1283 etiamsi
892 1246 998 1283 aliter
1032 1246 1198 1291 sentiret,
1234 1247 1440 1283 verborum

177 1318 306 1347 tamen
344 1311 513 1359 ipsorum
554 1311 706 1360 pondus
749 1311 932 1348 sustinere
978 1323 1056 1348 non
1104 1318 1244 1360 posset.
1316 1310 1440 1349 Cessit

178 1376 391 1413 auctoritati
411 1376 638 1425 amplissimi
659 1376 723 1413 viri
745 1376 801 1414 vel
831 1377 956 1426 potius
984 1377 1106 1425 paruit
1121 1389 1130 1422 3
1161 1388 1238 1413 una
1267 1383 1324 1414 est
1353 1388 1439 1425 pro-

178 1440 298 1478 fectus
318 1453 407 1478 cum
428 1441 482 1485 iis,
504 1453 670 1490 quorum
690 1449 768 1479 erat
785 1454 862 1478 una
878 1454 1003 1479 causa.
1052 1441 1221 1479 Tardius
1241 1442 1310 1479 iter
1329 1441 1438 1488 fecit3

180 1507 307 1555 itaque
328 1507 366 1542 in
387 1505 557 1544 Africam
578 1508 678 1544 venit
697 1507 773 1544 iarn
794 1516 1033 1556 occupatam.
1068 1507 1172 1544 Hinc
1189 1507 1225 1544 in
1245 1506 1440 1556 Ligarium

179 1571 323 1608 crimen
344 1572 461 1609 oritur
476 1571 534 1609 vel
554 1572 607 1609 ira
629 1573 767 1621 potius.
812 1571 927 1617 Nam,
946 1569 994 1625 [si
1015 1573 1159 1610 crimen
1173 1581 1228 1610 est
1244 1569 1438 1624 voluisse,]

180 1649 258 1673 non
298 1637 425 1673 minus
463 1649 651 1686 magnum
691 1646 748 1675 est
780 1650 848 1675 vos
881 1638 1064 1684 Africam,
1100 1650 1237 1675 arcem·
1265 1638 1440 1675 omnium

178 1702 461 1751 provinciarum
483 1711 612 1739 natam
633 1703 681 1740 ad
701 1703 843 1740 bellum
863 1711 996 1741 contra
1017 1703 1115 1741 hanc
1143 1705 1275 1741 urbem
1301 1715 1440 1752 gerun-

180 1767 283 1813 dum,
307 1767 479 1816 optinere
500 1768 662 1805 voluisse
683 1780 799 1816 quam
820 1768 986 1818 aliquem
1008 1781 1047 1806 se
1068 1769 1257 1807 maluisse.
1313 1770 1441 1819 Atque

180 1833 211 1869 is
244 1839 375 1869 tamen
409 1832 544 1881 aliquis
580 1832 754 1881 Ligarius
785 1845 863 1871 non
892 1833 982 1879 fuit;
1014 1833 1139 1871 Varus
1168 1835 1369 1884 imperium
1401 1848 1441 1873 se

120 1905 161 1935 23
181 1897 321 1934 habere
341 1896 502 1943 dicebat,
525 1897 648 1934 fasces
669 1904 769 1935 certe
794 1898 969 1936 habebat.
1029 1898 1104 1936 Sed
1133 1911 1293 1949 quoquo
1323 1901 1442 1939 modo

181 1975 220 1999 se
248 1962 340 1999 illud
370 1962 495 2008 habet,
521 1963 614 2000 haec
644 1963 811 2013 querella
841 1961 1037 2016 [Tubero]
1059 1973 1180 2002 vestra
1209 1966 1301 2015 quid
1320 1967 1439 2004 valet:

183 2027 372 2077 ‘Recepti
401 2028 440 2064 in
469 2028 703 2077 provinciam
735 2041 813 2066 non
844 2027 1022 2067 sumus?’
1081 2029 1198 2076 Quid,
1220 2031 1250 2068 si
1278 2032 1441 2069 essetis?

182 2092 386 2131 Caesarine
413 2105 498 2130 eam
526 2093 693 2131 tradituri
713 2093 834 2132 fuistis
861 2107 910 2132 an
936 2102 1070 2132 contra
1090 2094 1297 2133 Caesarem
1318 2103 1441 2135 reten-

181 2159 279 2196 turi?

238 2222 281 2258 8.
311 2223 422 2270 Vide,
443 2225 535 2275 quid
555 2224 740 2271 licentiae,
763 2224 917 2272 Caesar,
942 2226 1053 2263 nobis
1074 2234 1139 2263 tua
1158 2226 1360 2265 liberalitas
1380 2228 1442 2266 det
