1659 2499
165 255 205 285 39

155 1437 196 1466 40

152 2210 191 2240 41

226 67 282 116 46
321 55 325 58 ’
592 76 646 108 M.
681 76 829 108 TULLJ
858 77 1123 109 CICERONIS

225 192 313 218 eum
335 181 433 218 bene
464 193 614 230 sperare
644 189 680 219 et
700 183 804 220 bono
834 195 917 220 esse
947 183 1088 229 animo,
1111 182 1217 233 quod
1246 184 1327 221 seio
1348 190 1384 222 te
1405 196 1484 223 non

226 246 362 284 frustra
390 246 552 284 scribere
582 247 713 285 solere.
773 247 937 285 Memini
969 248 1071 285 enim
1102 248 1223 286 isdem
1251 249 1327 287 fere
1359 250 1484 287 verbis

224 312 274 349 ad
303 324 366 349 me
394 318 431 349 te
460 313 624 350 scribere
655 324 792 361 meque
823 313 896 350 tuis
926 313 1058 351 litteris
1087 314 1186 351 bene
1216 326 1369 364 sperare
1404 327 1483 352 non

223 377 359 414 frustra
397 389 481 415 esse
520 377 676 415 iussum.
753 376 909 416 Laboro
951 379 1130 428 equidem
1169 380 1268 428 regis
1314 379 1484 418 Deiotari

223 455 351 487 causa,
391 455 559 493 quocum
598 443 689 480 mihi
729 444 936 481 amicitiam
972 457 1032 482 res
1064 445 1218 493 publica
1255 445 1482 491 conciliavit,

223 508 430 557 hospitium
474 508 650 545 voluntas
696 509 893 558 utriusque
935 509 1144 557 coniunxit,
1191 509 1483 548 familiaritatem

223 573 461 611 consuetudo
482 574 614 619 attulit,
647 586 837 611 summam
869 586 959 612 vero
990 575 1312 612 necessitudinem
1341 588 1495 625 magna·

221 639 304 677 eius
325 639 450 677 officia
477 639 514 675 in
542 651 605 676 me
635 646 671 676 et
697 640 735 676 in
759 640 971 677 exercitum
996 652 1125 678 meum
1151 641 1360 678 effecerunt
1375 654 1384 687 3
1416 640 1483 679 sed

221 716 310 742 cum
331 705 378 742 de
399 704 463 741 illo
482 704 628 749 laboro,
645 710 727 741 tum
748 704 794 742 de
815 705 941 742 multis
961 705 1205 756 amplissimis
1225 707 1322 751 viris,
1344 707 1483 756 quibus

221 770 340 807 semel
361 770 535 819 ignotum
560 782 582 807 a
607 777 641 807 te
669 782 751 807 esse
781 777 933 819 oportet
956 783 1027 809 nec
1056 764 1285 809 beneficium
1308 779 1415 809 tuum
1443 772 1482 808 in

220 834 379 872 dubium
400 835 524 873 vocari
552 847 623 873 nec
653 835 807 873 haerere
836 836 875 872 in
905 836 1042 874 animis
1070 836 1270 874 hominum
1299 837 1481 875 sollicitu-

219 900 350 937 dinem
380 901 650 950 sempiternam
676 913 747 938 nec
777 901 960 947 accidere,
983 909 1024 939 ut
1053 903 1256 951 quisquam
1286 909 1322 940 te
1350 903 1481 940 timere

219 966 375 1015 incipiat
396 978 542 1012 eorum,
567 966 632 1016 qui
654 966 727 1003 sint
748 967 864 1004 semel
888 979 909 1004 a
931 974 965 1004 te
987 967 1131 1004 liberati
1152 968 1299 1006 timore.

220 1104 273 1145 (ξς
287 1104 419 1145 40—41).
443 1105 451 1120 ‘
471 1105 535 1135 Yon
547 1108 666 1135 cannot
678 1105 820 1135 conceive
833 1105 1010 1135 Deiotarus
1020 1105 1091 1135 and
1099 1104 1152 1135 lzis
1166 1115 1223 1135 son
1235 1116 1271 1135 as
1282 1105 1485 1136 dz'scrowned

303 1159 400 1199 kz'ngs
415 1159 556 1190 willmut
565 1157 662 1200 pily.’
696 1159 822 1199 Laslly,
837 1159 890 1190 tlte
907 1159 1110 1200 membersqf
1117 1159 1170 1190 tlte
1183 1159 1293 1199 king's
1302 1160 1480 1198 embassies,

302 1214 493 1245 Blesamius
521 1214 592 1244 and
612 1215 643 1244 A
649 1214 814 1254 ungranus,
841 1214 1020 1254 Dorylaus,
1046 1214 1117 1244 and
1139 1214 1272 1253 llt'eras,
1298 1225 1356 1245 are
1379 1215 1480 1254 ready

303 1274 334 1300 to
352 1269 453 1300 sland
469 1280 507 1300 ον
518 1268 593 1310 fall
613 1269 696 1300 wille
717 1269 807 1300 llzeir
825 1271 1030 1300 masten—A
1038 1269 1136 1311 final
1153 1270 1270 1311 appeal
1283 1275 1314 1301 to
1333 1271 1360 1302 C
1360 1271 1481 1301 aesar's

301 1324 467 1364 clemency.

270 1424 362 1463 Non
382 1426 516 1470 debeo,
534 1425 577 1463 C.
593 1425 747 1472 Caesar,
766 1426 871 1475 quod
888 1425 966 1463 fieri
988 1425 1083 1463 solet
1098 1426 1136 1462 in
1156 1426 1268 1464 tantis
1288 1425 1480 1476 periculis,

215 1498 411 1540 temptare,
441 1503 661 1541 ecquonam
691 1491 811 1528 modo
846 1491 1011 1529 dicendo
1042 1491 1340 1529 misericordiam
1372 1498 1477 1528 tuam

213 1568 458 1594 commovere
499 1557 652 1605 possim.
711 1556 815 1593 Nihil
854 1569 953 1606 opus
992 1564 1058 1594 est.
1129 1556 1342 1595 Occurrere
1382 1556 1478 1594 solet

213 1622 297 1671 ipsa
328 1622 564 1671 supplicibus
594 1630 631 1660 et
664 1622 899 1660 calamitosis
933 1622 1074 1660 nullius
1105 1622 1275 1660 oratione
1307 1629 1477 1659 evocata.

214 1687 394 1738 Propone
425 1689 491 1725 tibi
521 1688 618 1726 duos
648 1700 757 1737 reges
787 1694 823 1725 et
846 1688 884 1725 id
914 1689 1044 1726 animo
1074 1687 1348 1737 contemplare,
1371 1687 1477 1737 quod

212 1753 336 1803 oeulis
367 1766 447 1791 non
478 1762 609 1803 potes;
641 1753 749 1790 dabis
778 1753 951 1803 profecto
981 1754 1019 1791 id
1049 1753 1340 1799 misericordiae,
1371 1752 1477 1803 quod

212 1819 430 1857 iracundiae
455 1819 662 1868 denegasti.
722 1818 847 1856 Multa
876 1826 962 1856 sunt
986 1819 1226 1857 monimenta
1253 1819 1476 1856 clementiae

212 1893 310 1930 tuae,
347 1884 412 1922 sed
447 1885 616 1922 maxima
646 1896 780 1922 eorum
810 1885 1101 1930 incolumitates,
1134 1885 1274 1934 quibus
1313 1884 1475 1922 salutem

212 1950 357 1988 dedisti.
416 1949 527 1996 Quae
559 1950 590 1987 si
624 1950 663 1986 in
694 1950 847 1999 privatis
876 1949 1044 1999 gloriosa
1072 1956 1172 1993 sunt,
1202 1950 1322 1987 multo
1352 1949 1475 1998 magis

211 2016 617 2054 commemorabuntur
636 2016 675 2052 in
695 2015 859 2064 regibus.
919 2015 1082 2064 Semper
1101 2015 1249 2064 regium
1270 2027 1416 2052 nomen
1435 2015 1475 2051 in

209 2081 282 2119 hac
302 2082 450 2119 civitate
471 2088 647 2118 sanctum
667 2080 745 2127 fuit,
769 2081 964 2118 sociorum
985 2092 1076 2118 vero
1102 2092 1238 2130 regum
1267 2087 1304 2117 et
1331 2081 1474 2117 amico-

210 2159 294 2183 rum
315 2146 607 2184 sanctissimum.

267 2203 343 2246 15.
374 2211 492 2259 Quod
530 2224 671 2250 nomen
710 2211 748 2248 hi
779 2223 888 2261 reges
923 2224 971 2249 ne
1002 2211 1217 2248 amitterent
1247 2218 1284 2248 te
1318 2210 1474 2256 victore,

1185 2266 1203 2279 .
