1659 2499
336 567 405 614 M.
478 563 699 612 TULLI
777 561 1177 610 CICERONIS

154 729 312 784 PRO
382 729 462 782 M.
522 727 978 780 MARCELLO
1048 726 1373 781 ORATIO.

648 908 856 922 ——0-5—

131 1033 340 1063 Exordium
359 1030 413 1070 (ἐξ
431 1029 520 1070 1—4).
566 1029 600 1060 It
617 1029 645 1060 is
664 1027 810 1060 Caesar’s
825 1033 877 1060 acl
891 1028 932 1071 qf
934 1040 1031 1070 grace
1054 1029 1197 1060 towards
1213 1029 1394 1060 Marcellus

219 1086 327 1117 wlticlc
343 1084 476 1126 compels
492 1094 541 1115 me
556 1088 587 1115 to
602 1083 700 1115 break
716 1094 770 1124 my
785 1083 864 1125 long
875 1084 1000 1116 silence.

319 1144 335 1158 ,Ἰ
355 1138 385 1170 j.-

189 1187 231 1222 1.
261 1185 659 1249 Βιστυιιικιι,λ3ἰηὶειιιὶἰ11
679 1192 831 1253 patres
841 1185 1057 1235 conscripti,
1088 1198 1165 1235 quo
1199 1197 1303 1223 eram
1336 1184 1394 1222 his

131 1219 514 1326 temporiffi'sgugu's
523 1263 618 1310 nost
632 1243 772 1288 timore
797 1234 942 1300 aliquo,
974 1251 1041 1289 sed
1073 1251 1213 1300 partim
1247 1251 1393 1296 dolore,

133 1319 269 1368 partim
298 1310 534 1364 verecundia,
568 1317 684 1354 finem
714 1316 924 1354 hodiernus
954 1316 1036 1354 dies
1065 1316 1186 1354 attulit
1217 1316 1394 1367 idemque

133 1384 294 1429 initium,
316 1396 414 1434 quae
435 1383 569 1420 vellem
591 1393 765 1432 quaeque
786 1383 977 1428 sentirem,
996 1394 1085 1420 meo
1105 1382 1267 1432 pristino
1287 1395 1394 1421 more

133 1449 294 1488 dicendi.
351 1449 522 1486 Tantam
556 1449 658 1485 enim
690 1449 1038 1494 mansuetudinem,
1069 1455 1147 1485 tam
1176 1444 1436 1486 inusitatam

134 1515 422 1580 inaudffiamque
456 1513 711 1561 clementiam
746 1520 895 1551 tantum
932 1515 974 1568 ἰιι
1000 1526 1164 1566 summa
1202 1521 1395 1583 potestate

135 1594 261 1619 rerum
283 1581 458 1618 omnium
478 1562 662 1624 modumj
674 1585 753 1616 tam
766 1554 950 1629 denique
962 1568 1227 1618 lncredlbilem
1240 1573 1396 1629 sapien-

134 1648 224 1684 tiam
247 1659 292 1684 ac
319 1658 444 1695 paene
465 1645 633 1682 divinam
653 1645 788 1682 tacitus
813 1645 1017 1694 praeterire
1038 1646 1144 1683 nullo
1165 1646 1284 1683 modo
1303 1657 1394 1694 pos-

135 1725 232 1750 sum.
291 1711 347 1749 NI.
374 1711 478 1749 enirn
507 1709 695 1747 Marcello
720 1711 838 1756 vobis,
863 1718 991 1760 patres
1021 1711 1238 1761 conscripti,
1264 1712 1394 1760 reique

134 1778 328 1843 publicae
330 1776 491 1821 reddito
500 1787 580 1827 non
606 1775 657 1812 illi
660 1788 704 1813 us
723 1776 860 1822 solum,
882 1777 948 1814 sed
974 1777 1091 1814 etiam
1112 1789 1239 1815 meam
1260 1789 1395 1815 vocem

133 1851 171 1882 et
203 1827 468 1881 auctoritatem
498 1849 535 1879 et
564 1824 671 1879 vobis
701 1848 737 1879 et
767 1842 818 1879 rei
847 1842 1024 1891 publicae
1053 1849 1317 1880 conservatam
1350 1855 1395 1880 ac

135 1909 345 1946 restitutam
383 1914 490 1976 putoc
558 1905 753 1944 Dolebam
792 1908 907 1953 enim,
938 1915 1066 1957 patres
1105 1908 1324 1958 conscripti,
1359 1916 1396 1945 et

135 1973 378 2012 vehementer
411 1948 586 2024 angEBar
611 1972 732 2008 virum
762 1972 888 2019 talem,
921 1985 1011 2011 cum
1040 1974 1079 2010 in
1111 1974 1248 2012 eadem
1279 1985 1397 2012 causa

135 2041 174 2077 in
203 2051 280 2090 qua
309 2051 383 2088 ego
414 2038 556 2084 fuisset,
576 2050 657 2076 non
686 2038 726 2074 in
750 2039 886 2076 eadem
916 2051 998 2076 esse
1022 2039 1177 2076 fortuna
1206 2052 1277 2077 nec
1301 2039 1396 2076 mihi

136 2105 365 2154 persuadere
402 2110 598 2154 poteram
605 2115 683 2146 nec
722 2103 779 2141 fas
817 2116 898 2142 esse
933 2105 1123 2142 ducebam
1156 2104 1293 2142 versari
1332 2115 1395 2141 me

136 2171 175 2206 in
212 2176 346 2208 nostro
376 2176 501 2207 vetere
539 2143 726 2207 curricii'io
760 2169 823 2207 illo
862 2170 1013 2227 aemulo
1052 2177 1167 2219 atque
1205 2170 1394 2207 imitatore

137 2235 349 2273 studiorum
369 2247 414 2273 ac
436 2234 613 2272 laborum
635 2246 811 2272 meorum
835 2235 942 2284 quasi
963 2235 1132 2285 quodam
1154 2235 1261 2273 socio
1282 2247 1304 2272 a
1333 2247 1394 2272 me

180 2335 186 2360 ἱ
755 2312 777 2338 Β

184 2362 192 2398 2

1414 1722 1432 1752 Νι
