1659 2499
185 93 239 132 24
549 93 602 124 M.
637 92 785 124 TULLI
813 93 1079 125 CICERONIS

125 206 165 236 26
240 195 283 230 9-
316 196 392 235 Sed
409 197 504 244 vide,
518 210 676 247 quaeso,
692 198 846 244 Caesar,
864 199 1117 237 constantiam
1135 199 1366 237 ornatissimi
1383 199 1446 236 viri

187 258 454 314 [Tuberonis],
473 275 588 312 quam
610 276 694 312 ego,
717 263 891 313 quamvis
912 265 992 313 ipse
1013 264 1229 313 probarem,
1250 271 1290 301 ut
1310 265 1446 313 probo,

184 334 313 364 tamen
351 340 431 365 non
471 340 827 373 commemorarem,
861 329 931 366 nisi
967 342 989 367 a
1028 336 1062 366 te
1101 329 1369 378 cognovissem
1408 330 1446 366 in

183 392 316 441 primis
355 405 441 429 earn
480 394 654 430 virtutem
694 393 815 431 solere
855 393 1008 431 laudari.
1079 393 1190 440 Quae
1228 394 1296 431 fuit
1335 395 1447 443 igitur

183 469 368 507 umquam
394 459 432 494 in
460 458 536 496 ullo
563 458 720 496 homine
749 466 854 496 tanta
883 460 1124 496 constantia?
1182 459 1445 497 Constantiam

184 523 290 569 dico;
321 525 453 561 nescio
474 537 523 561 an
545 524 680 561 melius
702 525 924 573 patientiam
944 526 1089 573 possim
1111 525 1247 562 dicere.
1293 524 1446 571 Quotus

183 589 286 625 enim
321 589 421 626 istud
455 590 615 639 quisque
651 589 814 636 fecisset,
848 598 899 635 ut,
934 603 956 628 a
989 591 1127 640 quibus
1163 587 1371 642 [partibus]
1407 591 1444 627 in

184 654 422 691 dissensione
454 655 551 692 civili
587 668 665 693 non
701 662 800 692 esset
839 662 1026 705 receptuS,
1062 663 1161 693 esset
1200 656 1315 693 etiam
1355 667 1442 693 cum

183 719 405 757 crudelitate
432 720 605 765 reiectus,
627 720 674 757 ad
703 733 770 758 eos
799 721 902 769 ipsos
931 720 1096 758 rediret?
1157 720 1293 769 Magni
1324 721 1444 758 cuius-

183 784 272 821 dam
293 784 409 821 animi
436 792 550 834 atque
580 785 660 822 eius
681 785 757 832 viri,
781 798 897 835 quem
929 785 976 823 de
1006 793 1184 834 suscepta
1213 798 1327 823 causa
1357 799 1445 835 pro-

183 850 384 900 positaque
418 851 602 888 sententia
637 851 740 887 nulla
774 850 1019 895 contumelia,
1060 851 1161 888 nulla
1197 851 1261 898 vis,
1298 851 1443 888 nullum

124 924 165 956 27
183 915 394 964 periculum
411 916 531 965 possit
547 916 737 965 depellere
757 918 763 953 l
804 915 856 953 Ut
868 916 970 953 enim
984 923 1109 953 cetera
1124 917 1230 966 paria
1247 917 1444 954 Tuberoni

182 991 270 1017 cum
300 979 407 1017 Varo
438 980 605 1026 fuissent,
637 980 775 1025 honos,
803 980 992 1026 nobilitas,
1016 981 1208 1030 splendor,
1233 981 1442 1030 ingenium.

182 1057 280 1094 quac
298 1057 542 1095 nequaquam
560 1045 721 1091 suerunt,
735 1045 808 1083 hoc
830 1053 929 1083 certe
949 1046 1196 1095 praecipuum
1213 1046 1445 1092 Tuberonis,

183 1111 286 1159 quod
306 1111 405 1148 iusto
426 1123 511 1148 cum
534 1111 694 1160 imperio
714 1124 760 1148 ex
782 1120 935 1148 senatus
951 1111 1128 1149 consulto
1148 1112 1188 1148 in
1209 1112 1443 1162 provinciam

183 1187 291 1212 suam
325 1183 490 1213 venerat.
550 1176 654 1213 Hinc
688 1176 898 1225 prohibitus
937 1188 1015 1214 non
1055 1177 1102 1213 ad
1142 1176 1361 1224 Caesarem,
1397 1190 1444 1214 ne

183 1239 308 1283 iratus,
332 1250 410 1275 non
432 1238 603 1283 domum,
626 1251 673 1276 ne
695 1240 806 1284 iners,
822 1251 901 1276 non
922 1239 959 1275 in
981 1239 1149 1288 aliquam
1170 1240 1378 1289 regionem,
1396 1252 1444 1277 ne

182 1303 442 1340 condemnare
474 1316 632 1340 causam
655 1304 769 1350 illam,
793 1316 908 1353 quam
939 1313 1092 1341 secutus
1122 1311 1211 1350 erat,
1232 1305 1442 1352 videretur,

182 1368 220 1404 in
241 1367 517 1406 Macedoniam
541 1368 589 1406 ad
611 1368 682 1406 Cn.
704 1369 864 1418 Pompei
886 1378 1011 1407 castra
1031 1370 1132 1407 venit
1152 1371 1190 1406 in
1210 1382 1296 1407 eam
1319 1371 1441 1420 ipsam

121 1436 162 1467 28
182 1445 350 1479 causam,
373 1446 395 1470 a
416 1446 494 1483 qua
514 1442 592 1472 erat
613 1435 775 1472 reiectus
805 1435 949 1472 iniuria.
1008 1434 1139 1481 Quid?
1167 1447 1254 1473 curn
1283 1436 1354 1473 ista
1383 1448 1443 1473 res

182 1498 274 1535 nihil
314 1500 585 1537 commovisset
633 1500 714 1537 eius
763 1501 947 1546 animum,
987 1500 1036 1537 ad
1082 1512 1197 1549 quem
1242 1502 1442 1543 veneratis,

181 1563 432 1612 languidiore,
456 1565 584 1610 credo,
605 1566 731 1603 studio
760 1566 798 1602 in
829 1578 943 1603 causa
973 1565 1093 1603 fuistis
1110 1578 1118 1611 ;
1149 1572 1295 1603 tantum
1326 1567 1443 1604 modo

181 1629 219 1665 in
239 1629 435 1678 praesidiis
467 1631 593 1675 eratis,
616 1631 734 1667 animi
754 1643 844 1668 vero
874 1644 895 1668 a
924 1643 1041 1668 causa
1070 1631 1350 1677 abhorrebant3
1381 1644 1442 1676 an,

181 1701 222 1731 ut
251 1693 292 1731 fit
320 1695 359 1730 in
390 1695 560 1732 civilibus
589 1696 697 1733 bellis
720 1726 727 1733 .
750 1725 757 1732 .
780 1726 787 1733 .
810 1708 880 1733 nec
910 1696 948 1732 in
969 1697 1076 1734 vobis
1105 1696 1228 1745 magis
1257 1709 1374 1746 quam
1404 1697 1442 1733 in

181 1759 361 1808 reliquis?
393 1771 529 1797 omnes
559 1761 661 1798 enim
683 1761 858 1798 vincendi
884 1761 1010 1798 studio
1036 1762 1274 1798 tenebamur.
1332 1761 1442 1799 Pacis

180 1825 357 1874 equidem
397 1837 548 1874 semper
586 1834 716 1864 auctor
755 1827 818 1870 fui,
853 1827 920 1865 sed
959 1835 1039 1864 tum
1075 1840 1184 1873 sero;
1225 1834 1304 1864 erat
1338 1829 1439 1864 enirn

181 1890 355 1935 amentis,
389 1902 476 1927 cum
515 1891 636 1928 aciem
675 1891 830 1938 videres,
868 1904 1003 1940 pacem
1042 1893 1219 1940 cogitare.
1279 1891 1439 1930 Omnes.

180 1955 349 2004 inquam,
371 1955 521 1993 vincere
542 1956 777 2002 volebamus,
800 1964 839 1994 tu
860 1964 959 1994 certe
979 1958 1194 2006 praecipue,
1208 1957 1272 2006 qui
1293 1958 1331 1994 in
1351 1970 1439 1995 eum

179 2018 308 2056 locum
343 2032 511 2065 veneras,
545 2021 609 2058 ubi
648 2021 714 2058 tibi
750 2028 850 2059 esset
889 2021 1140 2071 pereundum,
1172 2023 1243 2059 nisi
1275 2023 1440 2060 vicisses.

181 2083 442 2134 Quamquam,
459 2092 500 2123 ut
520 2098 624 2124 nunc
645 2098 686 2124 se
711 2098 770 2124 res
795 2086 922 2132 habet,
944 2099 1022 2125 non
1052 2087 1196 2132 dubito,
1218 2088 1310 2137 quin
1339 2087 1438 2125 hanc

181 2149 342 2187 salutem
363 2158 577 2200 anteponas
599 2151 649 2188 illi
664 2151 853 2190 victoriae.
