1659 2499
182 52 188 58 “
211 69 265 106 42
578 65 633 96 M.
671 64 819 95 TULLJ
849 63 1115 96 CICERONIS

153 183 193 213 30

152 1358 191 1385 31

155 2074 195 2103 :32

268 170 345 205 11.
377 169 459 207 Sint
479 182 571 207 sane
595 170 825 214 inimicitiae,
845 181 946 219 quae
966 181 1048 206 esse
1070 181 1150 206 non
1179 168 1369 206 debebant
1392 170 1473 215 (rex

212 235 316 272 enim
347 234 549 273 Deiotarus
577 242 741 272 vestram
771 234 952 272 familiam
982 234 1169 272 abiectam
1199 241 1237 272 et
1270 234 1473 271 obscuram

212 312 233 336 e
271 301 437 338 tenebris
466 301 504 337 in
534 301 659 338 lucem
689 300 887 346 evocavit3
918 300 1003 350 quis
1032 307 1141 337 tuum
1170 306 1319 349 patrem
1349 307 1473 346 antea,

212 366 296 415 quis
317 373 427 412 esset,
449 378 565 416 quam
586 366 693 403 cuius
713 378 831 415 gener
851 373 961 411 esset,
983 365 1124 402 audivit
1137 364 1184 415 ?);
1216 364 1282 402 sed
1303 365 1476 414 quamvis

213 432 357 480 ingrate
378 439 414 469 et
434 431 550 480 impie
577 431 868 468 necessitudinis
892 443 1037 468 nomen
1065 430 1324 480 repudiaretis,
1345 438 1473 468 tamen

212 497 427 534 inimicitias
474 496 676 534 hominum
717 508 822 533 more
860 508 993 545 gerere
1031 496 1224 545 poteratis,
1264 508 1346 533 non
1385 496 1475 533 ficto

213 563 370 599 crimine
401 563 588 607 insectari,
611 573 689 599 non
720 568 898 610 expetere
925 561 1053 607 vitam,
1077 573 1155 598 non
1185 562 1319 611 capitis
1349 573 1475 599 arces-

213 641 304 666 sere.
363 627 470 674 Esto,
511 627 746 665 concedatur
783 626 878 664 haec
919 638 1074 677 quoque
1108 628 1295 665 acerbitas
1329 635 1366 664 et
1397 626 1477 664 odii

212 693 466 742 rnagnitud03
497 693 657 738 adeone,
677 700 718 729 ut
748 693 879 729 omnia
900 693 996 730 vitae
1024 693 1232 742 salutisque
1257 693 1476 730 communis

211 767 325 809 atque
341 759 452 796 etiam
471 758 718 795 humanitatis
731 758 811 795 iura
831 758 1045 795 violentur?
1096 758 1254 796 Servum
1270 758 1471 795 sollicitare

212 824 346 870 verbis,
381 836 448 873 spe
479 823 754 873 promissisque
786 835 1043 873 corrumpere,
1077 823 1268 861 abducere
1299 823 1471 868 domum,

211 898 345 927 contra
365 889 564 927 dominum
585 901 746 934 armare,
768 888 841 926 hoc
868 896 925 926 est
952 901 1031 926 non
1061 889 1125 925 uni
1153 889 1383 938 propinquo,
1407 888 1473 925 sed

211 956 391 992 omnibus
430 954 579 992 familiis
618 954 806 991 nefarium
846 954 986 992 bellum
1027 954 1206 992 indicere.
1264 953 1368 991 Nam
1406 954 1475 991 ista

212 1020 427 1070 corruptela
457 1020 553 1057 servi
584 1021 613 1057 si
636 1032 715 1057 non
741 1020 860 1057 modo
883 1020 1057 1070 inpunita
1083 1019 1201 1067 suerit,
1224 1020 1291 1057 sed
1320 1020 1432 1057 etiarn
1455 1031 1477 1056 a

212 1096 317 1123 tanta
330 1086 550 1123 auctoritate
565 1085 788 1134 adprobata,
808 1085 900 1122 nulli
922 1085 1086 1135 parietes
1108 1093 1280 1123 nostram
1302 1086 1476 1129 salutem,

212 1152 337 1189 nullae
368 1151 484 1200 leges,
517 1150 621 1187 nulla
655 1151 737 1187 iura
769 1151 993 1188 custodient.
1051 1150 1128 1188 Ubi
1159 1152 1261 1187 enim
1291 1151 1341 1197 id,
1372 1150 1477 1200 quod

212 1219 313 1254 intus
333 1224 389 1254 est
409 1223 524 1265 atque
545 1223 733 1262 nostrum,
756 1216 912 1265 impune
940 1216 1085 1254 evolare
1113 1223 1240 1266 potest
1266 1224 1476 1265 contraque

213 1294 284 1319 nos
308 1294 492 1331 pugnare,
519 1282 558 1319 fit
586 1282 623 1318 in
655 1281 855 1318 dominatu
886 1282 1055 1327 servitus,
1076 1282 1115 1318 in
1145 1282 1322 1319 servitute
1353 1281 1476 1319 domi-

212 1356 333 1384 natus.
393 1347 428 1384 O
463 1355 650 1396 tempora,
681 1359 704 1384 o
740 1349 894 1384 mores!
926 1346 998 1385 Cn.
1031 1347 1224 1385 Domitius
1257 1347 1330 1393 ille,
1360 1359 1476 1396 quem

212 1425 284 1450 nos
329 1412 436 1462 pueri
485 1412 697 1458 consulem,
739 1424 952 1458 censorem,
992 1412 1213 1462 pontificem
1265 1413 1476 1449 maximum

210 1478 383 1523 vidimus,
405 1490 493 1515 cum
516 1478 688 1514 tribunus
708 1478 757 1526 pl.
782 1477 836 1515 M.
857 1477 1055 1523 Scaurum,
1069 1479 1283 1527 principem
1304 1477 1474 1521 civitatis,

211 1545 249 1580 in
284 1544 463 1581 iudicium
496 1543 627 1592 populi
668 1544 878 1580 vocavisset
909 1542 1118 1592 Scaurique
1149 1555 1279 1580 servus
1309 1542 1358 1580 ad
1388 1554 1476 1579 eum

211 1610 311 1646 clam
342 1609 502 1647 domum
523 1610 687 1646 venisset
717 1616 752 1645 et
783 1609 942 1646 crimina
962 1609 1001 1645 in
1032 1609 1240 1654 dominumr
1263 1608 1477 1645 delaturum

213 1688 252 1713 se
287 1687 370 1712 esse
402 1675 566 1720 dixisset,
602 1674 733 1723 prendi
765 1674 963 1711 hominem
995 1674 1101 1712 iussit
1132 1674 1181 1711 ad
1212 1673 1479 1722 Scaurumque

213 1740 361 1778 deduci.
418 1740 530 1786 Vide,
568 1740 661 1790 quid
693 1740 861 1785 intersit;
891 1740 959 1777 etsi
992 1740 1120 1789 inique
1156 1739 1360 1776 Castorem
1392 1751 1479 1776 cum

214 1798 387 1843 Dom'itio
408 1817 592 1854 comparo
609 1818 617 1850 ;
648 1805 715 1842 sed
737 1812 866 1842 tamen
888 1805 948 1842 ille
969 1805 1125 1842 inimico
1150 1816 1301 1842 servum
1323 1804 1478 1849 remisit,

213 1881 253 1908 tu
286 1872 335 1908 ab
366 1883 438 1909 avo
472 1870 662 1907 abduxisti
679 1883 688 1916 ;
719 1870 781 1907 ille
815 1871 1079 1919 incorruptum
1111 1870 1240 1907 audire
1275 1869 1409 1915 noluit,
1441 1877 1480 1906 tu

214 1937 443 1986 corrupisti3
473 1935 533 1973 ille
571 1935 784 1973 adiutorem
812 1947 963 1972 servum
984 1944 1116 1972 contra
1144 1935 1345 1972 dominum
1368 1947 1479 1984 repu-

216 2003 340 2048 diavit,
362 2009 402 2038 tu
423 2002 538 2038 etiam
560 2008 824 2039 accusatorem
845 2000 1060 2038 adhibuisti.
1116 2001 1168 2038 At
1188 2001 1305 2038 semel
1333 2001 1401 2037 iste
1423 2009 1480 2038 est

215 2075 415 2117 corruptus
443 2079 465 2104 a
493 2067 613 2104 vobis.
674 2066 827 2112 Nonne,
850 2079 937 2104 cum
968 2075 1067 2104 esset
1096 2066 1303 2116 productus
1332 2073 1476 2103 etcum

215 2142 346 2171 tecum
378 2132 520 2178 fuisset,
556 2132 693 2182 refugit
725 2132 774 2169 ad
804 2132 981 2180 legatos?
1020 2144 1151 2169 nonne
1189 2131 1237 2168 ad
1268 2131 1370 2169 hunc
1406 2131 1477 2169 Cn.

214 2199 429 2236 Domitium
482 2198 612 2235 venit?
660 2209 791 2235 nonne
838 2197 1014 2235 audiente
1059 2196 1134 2234 hoc
1175 2196 1254 2234 Ser.
1296 2196 1478 2246 Sulpicio,
