1659 2499
255 413 521 455 APPENDIX
554 422 616 455 To
649 414 815 454 NOTEs
848 422 914 454 ΟΝ
948 411 1047 453 PRO
1082 413 1371 454 MARCELLO.

228 531 403 563 EXTRACT
416 531 498 562 from
516 529 624 562 Letter
641 530 678 561 of
693 530 741 561 M.
756 530 888 561 Tullius
901 529 1017 562 Cicero
1034 534 1068 561 to
1085 530 1152 561 Ser.
1165 528 1330 571 Sulpicius
1342 527 1448 570 (Sept.

184 591 247 616 B.C.
265 584 322 624 46)
340 597 347 617 :

228 640 235 654 ‘
247 639 322 671 Uno
337 646 368 671 te
385 641 529 677 vicimus,
549 640 637 681 quod
653 640 694 672 de
718 639 868 671 Marcelli
892 639 1040 680 collegae
1057 639 1104 670 tui
1121 638 1225 670 salute
1249 637 1350 680 paulo
1375 642 1448 669 ante

182 704 280 735 quam
302 699 337 726 tu
361 695 584 736 cognovimus,
609 695 708 726 etiam
731 694 915 726 mehercule
931 694 1018 736 quod
1035 693 1314 736 quemadmodum
1338 703 1377 724 ea
1400 703 1450 724 res

182 754 340 790 ageretur,
358 749 521 785 vidimus3
545 760 622 780 nam
646 750 691 781 sic
715 749 766 780 sac
789 748 975 780 existimes:
1002 752 1077 790 post
1102 748 1159 779 has
1176 748 1330 786 miserias,
1349 747 1383 778 id
1399 752 1448 778 est

183 808 359 845 postquam
383 805 482 835 armis
506 804 681 845 disceptari
705 809 858 845 coeptum
883 809 931 835 est
955 803 995 834 de
1020 803 1087 834 iure
1111 802 1255 844 publico,
1272 802 1355 833 nihil
1379 812 1448 833 esse

183 864 292 889 actum
317 859 407 890 aliud
431 869 506 890 cum
529 859 709 900 dignitate3
742 870 818 890 nam
845 863 877 890 et
908 859 976 899 ipse
1001 857 1121 890 Caesar
1148 862 1299 889 accusata
1326 857 1447 888 acerbi-

182 918 247 944 tate
271 914 517 946 Marcelli—sic
540 915 627 945 euim
656 913 1095 956 appellabat—laudataque
1122 912 1448 944 honorificentissime

182 972 213 998 et
236 969 402 1009 aequitate
425 974 482 1000 tua
499 974 531 1000 et
547 969 720 1010 prudentia
742 973 874 1010 repcnte
898 973 1024 1009 praeter
1041 977 1134 1008 spem
1158 967 1252 1004 dixit,
1271 977 1304 998 se
1323 967 1447 998 senatui

182 1024 311 1065 roganti
328 1024 369 1054 de
393 1024 552 1055 Marcello
576 1034 616 1055 ne
639 1023 781 1055 hominis
804 1023 935 1064 quidem
959 1033 1057 1053 causa
1080 1026 1297 1062 negaturum3
1328 1022 1447 1053 fecerat

181 1084 291 1110 autem
315 1078 379 1110 hoc
403 1084 542 1117 senatus,
562 1085 597 1110 ut
621 1089 695 1110 cum
719 1089 738 1109 a
762 1078 866 1110 Lucio
890 1078 1009 1108 Pisone
1034 1077 1158 1108 mentio
1186 1082 1268 1108 esset
1292 1076 1379 1107 facta
1406 1077 1447 1107 de

183 1133 344 1164 Marcello
367 1140 398 1164 et
423 1133 460 1164 C.
488 1134 664 1165 Marcellus
688 1144 722 1164 se
745 1133 787 1164 ad
811 1133 961 1164 Caesaris
986 1132 1084 1173 pedes
1107 1132 1288 1170 abiecisset,
1314 1136 1448 1163 cunctus

182 1193 388 1229 consurgeret
410 1194 442 1219 et
464 1188 506 1219 ad
522 1188 698 1220 Caesarem
719 1187 858 1230 supplex
879 1187 1057 1219 accederet.
1103 1187 1184 1217 Noli
1203 1197 1376 1227 quaerere:
1401 1187 1447 1217 ita

183 1243 263 1274 mihi
287 1242 424 1284 pulcher
446 1243 500 1274 hic
523 1243 591 1274 dies
615 1244 701 1274 visus
724 1248 784 1276 est,
809 1249 844 1274 ut
868 1243 1010 1284 speciem
1033 1242 1179 1283 aliquam
1196 1241 1323 1273 viderer
1337 1241 1447 1273 videre

183 1298 276 1339 quasi
300 1298 521 1329 reviviscentis
546 1298 591 1329 rei
616 1298 778 1339 publicae.
827 1298 942 1338 Itaque
959 1307 1034 1328 cum
1051 1307 1164 1328 omnes
1182 1302 1255 1327 ante
1272 1307 1323 1327 me
1339 1296 1447 1337 rogati

181 1353 301 1394 gratias
329 1353 463 1384 Caesari
493 1354 634 1394 egissent
665 1358 791 1394 praeter
815 1351 1089 1390 Volcatium,—is
1120 1352 1217 1389 enim,
1242 1351 1269 1382 si
1301 1361 1340 1382 eo
1371 1351 1448 1382 loco

181 1412 276 1446 esset,
300 1408 429 1448 negavit
453 1418 487 1439 se
510 1407 671 1439 facturum
695 1408 900 1448 fuisse—ego
923 1411 1058 1448 rogatus
1086 1406 1210 1438 mutavi
1234 1416 1345 1436 meum
1371 1416 1447 1437 con—

181 1463 311 1494 silium:
347 1473 422 1493 nam
445 1467 622 1493 statueram
644 1473 712 1493 non
736 1461 918 1493 mehercule
943 1462 1067 1500 inertia,
1095 1460 1151 1492 sed
1178 1460 1340 1491 desiderio
1366 1461 1446 1502 pris-

180 1518 267 1549 tinae
291 1517 463 1558 dignitatis
486 1517 519 1548 in
542 1522 735 1559 perpetuum
757 1523 873 1548 tacere.
923 1516 1034 1556 Fregit
1058 1515 1123 1546 hoc
1145 1526 1254 1546 meum
1270 1515 1446 1546 consilium

181 1578 212 1604 et
235 1571 386 1604 Caesaris
410 1572 603 1613 magnitudo
627 1572 728 1603 animi
752 1577 785 1603 et
807 1576 938 1603 senatus
961 1571 1128 1608 officium;
1161 1570 1271 1611 itaque
1299 1569 1447 1611 pluribus

180 1628 287 1659 verbis
309 1627 363 1668 egi
387 1627 522 1658 Caesari
546 1627 679 1668 gratias,
704 1637 819 1668 meque
842 1631 954 1657 metuo
977 1636 1019 1656 ne
1041 1625 1142 1656 etiam
1167 1625 1200 1655 in
1221 1625 1335 1657 ceteris
1349 1625 1446 1656 rebus

180 1682 320 1714 honesto
347 1682 417 1713 otio
448 1682 615 1723 privarim,
643 1682 731 1723 quod
759 1685 828 1712 erat
856 1691 959 1711 unum
985 1679 1141 1711 solatium
1167 1679 1199 1710 in
1229 1679 1335 1710 malis.
1381 1678 1446 1711 Sed

181 1744 298 1774 tamen,
324 1737 480 1778 quoniam
504 1736 604 1777 effugi
628 1737 697 1768 eius
720 1736 943 1773 offensionem,
973 1735 1027 1776 qui
1060 1735 1195 1766 fortasse
1225 1734 1442 1772 arbitraretur,

183 1801 233 1822 me
249 1791 334 1822 hanc
349 1800 416 1821 rem
434 1790 602 1831 publicam
618 1800 684 1821 non
701 1794 825 1831 putare,
843 1790 870 1820 si
893 1794 1050 1830 perpetuo
1067 1793 1217 1827 tacerem,
1236 1788 1366 1820 modice
1382 1788 1445 1819 hoc

182 1845 300 1876 faciam
324 1849 381 1876 aut
403 1845 502 1876 etiam
526 1845 610 1875 intra
634 1844 781 1883 modum,
799 1848 835 1875 ut
851 1848 883 1876 et
897 1843 989 1874 illius
1005 1842 1166 1874 voluntati
1183 1848 1216 1874 et
1232 1843 1313 1874 meis
1329 1843 1445 1874 studiis

182 1898 427 1931 serviam.’—a‹1
444 1899 536 1932 Fam.
553 1899 594 1930 iv.
609 1910 638 1940 4.
659 1902 696 1937 ἐξ
716 1908 746 1939 3,
762 1910 792 1940 4.
