1659 2499
142 402 160 430 0

125 1186 164 1214 10

126 2149 165 2179 11

176 96 206 134 4
544 92 598 124 M.
636 92 783 124 TULLI
811 93 1077 125 CICERONIS

178 199 313 236 virtute
346 205 606 249 praestantem
645 211 724 237 non
763 199 882 236 modo
920 198 1102 236 extollere
1141 199 1339 245 iacentem,
1373 199 1440 236 sed

179 265 294 302 etiam
333 265 564 315 amplificare
603 265 684 302 eius
728 264 926 314 pristinam
963 264 1202 313 dignitatem,
1242 263 1336 301 haec
1374 265 1439 314 qui

180 330 278 376 facit,
301 343 380 368 non
398 343 472 380 ego
493 343 581 367 eum
601 342 691 368 cum
720 330 880 367 summis
901 330 987 367 viris
1011 341 1207 378 comparo,
1229 329 1295 366 sed
1324 329 1442 367 simil-

180 395 314 433 limum
353 396 425 433 deo
475 396 615 433 iudico.
672 396 818 445 Itaque,
857 395 902 433 C.
954 395 1107 441 Caesar,
1148 395 1306 432 bellicae
1354 402 1441 432 tuae

182 461 312 499 laudes
350 462 643 499 celebrabuntur
681 461 763 498 illae
802 460 958 510 quidem
997 473 1077 498 non
1126 460 1250 498 solum
1289 460 1439 505 nostris,

181 527 249 564 sed
282 539 404 576 paene
434 528 608 565 omnium
646 526 819 576 gentium
858 514 988 563 litteris
1027 533 1141 575 atque
1179 526 1329 575 linguis,
1369 538 1441 563 nee

181 592 257 629 ulla
296 605 480 641 umquam
519 599 622 629 aetas
660 592 707 629 de
748 592 819 629 tuis
860 591 1036 661 laudibus
1074 591 1325 637 conticescet;
1375 591 1441 628 sed

182 666 311 695 tamen
353 659 433 695 eius
479 657 587 695 modi
624 670 683 695 res
731 654 884 695 nescio
895 644 990 706 quo
1023 656 1153 703 modo,
1192 657 1306 694 etiarn
1353 668 1441 693 cum

182 724 370 780 leguntur,
401 715 566 775 obstrepi
597 722 762 760 clamore
797 722 959 759 militum
989 722 1162 760 videntur
1193 728 1231 772 et
1264 722 1442 759 tubarum

183 801 292 826 sono.
350 789 401 826 At
430 774 519 825 vero
549 800 637 826 cum
668 788 808 837 aliquid
836 788 1053 833 clementer,
1088 794 1297 833 mansuete,
1333 787 1440 832 iuste,

183 854 390 899 moderate,
421 854 610 902 sapienter
639 852 793 898 factum,
816 853 853 889 in
874 853 1068 890 iracundia
1089 853 1322 902 praesertim,
1343 864 1443 901 quae

183 927 240 957 est
269 920 422 956 inimica
451 919 622 964 consilio,
653 925 689 955 et
719 919 755 955 in
785 919 949 963 victoria,
979 930 1080 967 quae
1109 925 1246 955 natura
1275 917 1444 955 insolens

183 992 220 1022 et
254 985 417 1033 superba
447 991 515 1029 est,
552 981 652 1036 [aut]
688 984 866 1021 audimus
899 991 963 1021 aut
994 983 1168 1032 legimus,
1203 995 1281 1032 quo
1319 983 1444 1020 studio

184 1051 423 1087 incendimur
466 1062 545 1086 non
583 1049 702 1087 modo
741 1049 780 1086 in
819 1049 935 1098 gestis
974 1049 1100 1093 rebus,
1142 1049 1209 1086 sed
1252 1049 1367 1085 etiam
1405 1048 1442 1084 in

185 1116 291 1161 fictis,
322 1124 362 1153 ut
391 1128 458 1153 eos
488 1128 613 1165 saepe,
644 1128 742 1165 quos
772 1127 984 1165 numquam
1014 1115 1189 1159 vidimus,
1219 1114 1444 1164 diligamus!

186 1182 245 1218 Te
274 1194 374 1227 vero,
396 1193 511 1231 quem
541 1189 779 1230 praesentem
810 1181 1009 1227 intuemur,
1033 1180 1139 1218 cuius
1167 1187 1337 1217 mentem
1358 1192 1444 1217 sen-

185 1259 323 1296 susque
345 1254 380 1284 et
400 1259 444 1284 os
464 1247 666 1291 cernimus,
688 1254 738 1292 ut,
761 1247 944 1295 quicquid
974 1246 1060 1284 belli
1080 1246 1231 1283 fortuna
1257 1246 1444 1296 reliquum

185 1313 238 1349 rei
269 1313 442 1362 publicae
471 1312 609 1358 fecerit,
631 1312 670 1349 id
699 1324 782 1350 esse
812 1312 958 1355 salvum
978 1311 1079 1362 velis,
1101 1312 1239 1361 quibus
1270 1311 1444 1348 laudibus

183 1378 397 1423 efferemus,
428 1378 566 1427 quibus
597 1377 730 1415 studiis
760 1372 1046 1427 prosequemur,
1075 1389 1155 1427 qua
1189 1377 1444 1414 benivolentia

185 1426 492 1492 conplectemur!
552 1443 729 1488 Parietes,
761 1443 909 1480 medius
939 1443 1062 1488 fidius,
1092 1449 1132 1480 ut
1166 1442 1257 1479 mihi
1285 1442 1441 1485 videtur,

185 1510 305 1545 huius
325 1509 450 1546 curiae
481 1509 547 1545 tibi
577 1510 718 1558 gratias
747 1521 859 1558 agere
881 1509 1057 1558 gestiunt,
1079 1508 1184 1558 quod
1214 1508 1318 1545 brevi
1347 1514 1443 1544 tem—

185 1587 278 1623 pore
300 1574 422 1610 futura
451 1574 498 1611 sit
526 1574 586 1611 illa
616 1574 818 1611 auctoritas
846 1574 884 1610 in
915 1564 973 1611 his
1003 1563 1192 1611 maiorum
1222 1585 1378 1610 suorum
1408 1580 1444 1610 et

185 1640 261 1676 suis
292 1639 457 1677 sedibus.

318 1746 372 1783 (ἐξ
395 1753 469 1774 11-1
481 1744 524 1785 2).
580 1743 766 1786 l'ourfame
782 1744 840 1774 lzas
856 1744 993 1774 reached
1009 1744 1051 1774 ils
1066 1743 1175 1774 zenz‘tlz
1191 1744 1312 1784 to-day.

238 1820 282 1856 4.
317 1821 507 1871 Equidem
551 1835 641 1860 cum
685 1822 729 1860 C.
765 1822 947 1868 Marcelli,
987 1823 1054 1859 viri
1094 1822 1226 1871 optimi
1263 1829 1300 1860 et
1338 1834 1443 1860 com-

185 1888 424 1925 memorabili
472 1888 611 1936 pietate
658 1888 825 1937 praediti,
868 1888 1045 1924 lacrimas
1088 1887 1206 1926 modo
1244 1888 1443 1925 vobiscum

184 1953 363 1999 viderem,
405 1953 577 1990 omnium
616 1952 887 1990 Marcellorum
926 1965 1056 1989 meum
1094 1960 1227 2002 pectus
1260 1953 1444 1991 memoria

185 2017 345 2066 obfudit,
368 2019 507 2067 quibus
527 2024 567 2055 tu
594 2018 708 2055 etiam
735 2018 894 2056 mortuis
926 2017 981 2056 M.
1005 2017 1189 2056 Marcello
1215 2025 1442 2056 conservato

185 2083 407 2133 dignitatem
438 2095 545 2121 suam
574 2083 768 2120 reddidisti
789 2083 1142 2133 nobilissimamque
1165 2083 1346 2121 familiam
1366 2084 1442 2121 iam

187 2149 236 2186 ad
265 2161 409 2198 paucos
439 2148 631 2186 redactam
651 2161 772 2198 paene
803 2150 851 2186 ab
875 2149 1026 2186 interitu
1055 2149 1263 2187 vindicasti.
1323 2149 1442 2187 Hunc

187 2225 225 2252 tu
256 2215 369 2265 igitur
400 2214 500 2251 diem
532 2215 605 2252 tuis
636 2215 813 2252 maximis
847 2222 882 2252 et
913 2214 1250 2252 innumerabilibus
1279 2214 1442 2264 gratula-
