1659 2499
327 88 420 120 PRO
455 88 494 128 ρ.
526 86 730 118 LIGARIO
762 86 956 118 ORATIO.
1017 77 1064 132 ἕξ
1099 89 1190 126 1-4.
1342 85 1393 127 15

125 194 172 233 de
202 201 327 233 vestro
359 194 499 232 delicto
534 193 796 232 confiteamini
832 204 989 231 necesse
1025 199 1092 235 est,
1123 202 1242 241 quam
1266 190 1394 241 Ligari

124 259 242 298 ullam
263 259 416 310 culpam
437 258 736 309 reprehendatis.

124 370 302 401 Narratio
321 369 376 408 (ἐξ
399 374 486 410 2-5).
540 368 607 399 The
621 368 872 399 circumstances
888 367 996 398 under
1007 367 1114 398 which
1130 367 1293 407 Ligarius
1308 372 1396 398 went

212 429 243 455 to
258 423 380 465 Africa
396 423 468 454 and
484 423 599 464 stayed
610 423 708 461 there,
727 433 804 453 even
821 421 910 464 aster
923 423 962 454 P.
987 423 1097 453 Varus
1115 421 1259 453 arrived.
1308 421 1350 463 lf
1358 421 1396 453 hc

211 479 273 510 did
285 489 410 520 wrong,
428 478 456 509 it
470 488 539 509 was
543 477 638 518 from
655 477 748 508 sheer
762 478 925 517 necessity.

181 562 231 609 Q.
255 563 359 600 enim
381 562 569 612 Ligarius,
585 574 673 599 cum
694 569 793 599 esset
813 561 916 598 nulla
937 561 1023 599 belli
1046 561 1226 610 suspicio,
1249 560 1395 610 legatus

126 628 166 665 in
186 627 356 665 Africam
385 639 474 664 cum
504 626 547 665 C.
570 626 758 664 Considio
789 626 984 676 profectus
1008 634 1088 672 est;
1120 638 1196 675 qua
1225 626 1264 663 in
1292 625 1396 675 lega-

127 694 232 731 tione
263 699 300 730 et
333 693 477 730 civibus
511 699 547 730 et
587 693 700 730 sociis
738 693 790 729 ita
829 704 868 730 se
907 693 1095 742 probavit,
1130 702 1171 729 ut
1202 691 1396 729 decedens

128 758 335 797 Considius
363 758 562 807 provincia
592 758 681 795 satis
707 757 830 795 facere
860 757 1082 795 hominibus
1103 770 1183 796 non
1203 764 1343 807 posset,
1366 758 1397 794 si

127 835 364 875 quemquam
386 824 501 860 alium
523 823 740 873 provinciae
762 823 1015 872 praefecisset.
1052 823 1186 872 Itaque
1207 822 1395 872 Ligarius,

128 901 219 927 cum
258 889 322 926 diu
365 901 544 926 recusans
579 888 671 925 nihil
708 888 943 938 profecisset,
978 889 1215 938 provinciam
1251 888 1397 938 accepit

127 955 287 1000 invitus3
331 954 393 991 cui
421 954 475 992 sic
504 953 668 1004 praefuit
698 954 737 991 in
766 966 874 1003 pace,
904 961 945 991 ut
976 961 1011 991 et
1041 954 1187 991 civibus
1218 961 1254 991 et
1287 954 1398 991 sociis

129 1020 346 1070 gratissima
377 1026 476 1057 esset
507 1020 588 1057 eius
622 1020 818 1068 integritas
848 1031 892 1057 ac
927 1019 1030 1057 fides.
1089 1018 1240 1057 Bellum
1272 1019 1398 1057 subito
1417 1027 1436 1058 3

129 1086 284 1132 exarsit,
316 1085 432 1136 quod,
468 1085 533 1134 qui
569 1092 674 1122 erant
709 1085 748 1122 in
783 1084 923 1130 Africa,
963 1093 1049 1122 ante
1082 1084 1284 1123 audierunt
1317 1085 1396 1137 geri

131 1162 248 1200 quam
268 1151 404 1199 parari.
453 1149 545 1197 Quo
566 1151 697 1188 audito
718 1151 854 1200 partim
875 1150 1080 1199 cupiditate
1101 1151 1394 1195 inconsiderata,

132 1217 269 1266 partim
304 1228 423 1254 caeco
455 1216 627 1265 quodam
660 1216 795 1254 timore
827 1216 954 1265 primo
987 1216 1128 1261 salutis,
1159 1224 1247 1265 post
1282 1217 1397 1254 etiam

132 1281 247 1319 studii
263 1282 320 1319 sui
339 1282 574 1331 quaerebant
590 1281 758 1331 aliquem
775 1281 925 1327 ducem,
945 1293 1033 1319 cum
1051 1281 1226 1330 Ligarius
1240 1281 1399 1320 domum

133 1353 321 1396 spectans,
343 1346 392 1384 ad
413 1359 503 1384 suos
523 1346 644 1384 redire
671 1347 830 1396 cupiens
859 1346 964 1384 nullo
985 1358 1026 1383 se
1046 1347 1220 1395 inplicari
1242 1348 1399 1396 negotio

133 1424 270 1462 passus
290 1420 355 1450 est.
414 1412 572 1450 Interim
594 1411 634 1449 P.
653 1412 781 1449 Attius
802 1412 940 1458 Varus,
963 1413 1029 1461 qui
1056 1419 1210 1462 praetor
1229 1413 1399 1450 Africam

133 1479 360 1528 optinuerat,
383 1477 539 1516 Uticam
559 1478 672 1516 venit.
729 1477 792 1515 Ad
813 1490 900 1515 eum
922 1478 1048 1515 statim
1079 1490 1311 1516 concursum
1332 1485 1397 1516 est.

132 1544 262 1593 Atque
291 1543 353 1580 ille
383 1556 463 1581 non
492 1543 679 1581 mediocri
709 1544 913 1593 cupiditate
943 1544 1099 1593 arripuit
1128 1544 1346 1593 imperium,
1368 1545 1400 1581 si

134 1608 227 1647 illud
247 1609 448 1658 imperium
471 1621 556 1646 esse
577 1609 708 1658 potuit,
731 1608 837 1658 quod
859 1609 1006 1658 privato
1035 1609 1203 1646 clamore
1230 1609 1399 1647 multitu-

134 1674 234 1712 dinis
254 1674 438 1723 inperitae
459 1674 563 1712 nullo
582 1675 739 1724 publico
765 1674 928 1711 consilio
956 1674 1207 1713 deferebatur.
1265 1675 1400 1725 Itaque
1421 1679 1438 1708 4

135 1739 321 1789 Ligarius,
343 1739 408 1789 qui
428 1751 543 1777 omne
565 1740 636 1777 tale
657 1739 856 1789 negotium
877 1748 1034 1789 cuperet
1050 1740 1230 1788 effugere,
1245 1740 1402 1790 paulum

135 1804 301 1842 adventu
322 1803 416 1841 Vari
437 1805 667 1854 conquievit.

192 1878 235 1914 2.
263 1869 414 1916 Adhuc,
447 1870 489 1908 C.
520 1870 674 1916 Caesar,
709 1870 758 1917 Q.
789 1869 967 1920 Ligarius
998 1871 1105 1909 omni
1137 1871 1250 1921 culpa
1281 1878 1401 1909 vacat.
1422 1878 1474 1919 (4)

138 1934 271 1972 Domo
291 1942 346 1972 est
365 1947 544 1985 egressus
570 1948 652 1973 non
681 1935 802 1973 modo
828 1936 976 1973 nullum
1002 1936 1051 1974 ad
1078 1937 1233 1982 bellum,
1255 1937 1324 1975 sed
1352 1949 1400 1975 ne

138 2000 188 2038 ad
214 2000 414 2037 minimam
440 2000 596 2050 quidem
627 2001 887 2050 suspicionem
916 2001 1003 2039 belli
1019 2015 1028 2048 ;
1060 2002 1208 2052 legatus
1236 2003 1277 2039 in
1305 2015 1401 2052 pace

138 2065 331 2115 profectus
360 2072 439 2112 est;
468 2066 508 2102 in
533 2066 728 2115 provincia
753 2067 996 2116 pacatissima
1016 2068 1068 2104 ita
1089 2079 1129 2105 se
1149 2068 1277 2117 gessit,
1297 2076 1339 2105 ut
1367 2069 1402 2106 ei

138 2142 276 2180 pacem
297 2142 380 2168 esse
400 2131 606 2180 expediret.
663 2131 857 2169 Profectio
879 2138 980 2170 certe
999 2133 1171 2170 animum
1192 2140 1300 2170 tuum
1321 2145 1402 2171 non

141 2194 253 2232 debet
287 2195 507 2242 offendere;
550 2208 646 2233 num
678 2196 791 2246 igitur
821 2197 1044 2235 remansio?
1102 2196 1230 2236 Multo
1262 2198 1399 2236 minus.

141 2259 246 2297 Nam
275 2259 460 2310 profectio
483 2261 718 2316 voluntatem
747 2261 881 2300 habuit
910 2274 989 2300 non
1019 2271 1181 2313 turpem,
1207 2264 1401 2302 remansio
