1659 2499
317 115 411 147 PRO
443 115 494 147 M.
528 115 796 148 MARCELLO
829 115 1024 148 ORATIO.
1085 107 1132 162 ξς
1168 118 1318 162 13-20.
1424 115 1445 159 7

188 223 224 260 in
255 222 346 259 urbe
376 234 456 260 non
486 222 660 260 vidimus.
718 222 828 270 Quos
858 222 1054 260 amisimus
1080 222 1192 268 cives,
1216 233 1284 260 eos
1311 220 1449 259 Martis

187 288 242 324 vis
275 288 444 341 perculit,
472 300 552 326 non
581 288 635 325 ira
665 288 854 333 victoriae,
884 295 924 325 ut
952 287 1125 326 dubitare
1156 287 1293 325 debeat
1322 298 1449 333 nemo,

187 354 279 404 quin
319 353 472 399 multos,
511 353 541 390 si
580 353 658 391 fieri
696 361 835 403 posset.
871 353 916 392 C.
956 353 1098 391 Caesar
1134 353 1184 390 ab
1220 352 1348 390 inseris
1385 364 1450 390 ex-

187 419 331 464 citaret,
364 418 547 469 quoniam
580 432 625 456 ex
661 419 796 456 eadem
826 419 906 457 acie
938 425 1145 465 conservat,
1181 430 1278 468 quos
1312 424 1450 467 potest.

188 484 353 522 Alterius
383 495 475 522 vero
505 470 744 534 partis*‘11ihil
774 485 937 535 amplius
967 484 1093 522 dicam
1124 496 1252 534 quam,
1278 482 1315 520 id
1345 483 1451 533 quod

188 561 326 588 omnes
375 551 611 595 verebamur,
666 550 779 588 nimis
831 550 1054 588 iracundam
1111 549 1276 587 suturam
1334 549 1450 586 fuisse

187 615 395 653 victoriam.
467 614 637 662 Quidam
662 664 664 668 ,
686 616 790 669 enim
847 628 926 654 non
983 615 1102 653 modo
1160 615 1324 660 armatis,
1383 613 1451 652 sed
1470 615 1510 647 18

187 680 377 718 interdum
408 680 523 718 etiam
571 681 702 718 otiosis
740 682 985 719 minabantur
1022 693 1107 728 nec,
1148 680 1240 730 quid
1288 679 1473 730 quisquel

188 746 378 791 sensisset,
410 746 477 784 sed
508 746 572 783 ubi
602 746 743 794 fuisset,
774 747 1025 796 cogitandum
1060 758 1145 784 esse
1180 746 1372 791 dicebant,
1411 751 1452 782 ut
1474 744 1481 787 ’ζ

188 810 282 848 mihi
321 811 476 862 quidem
519 812 717 849 videantur
754 811 793 849 di
835 812 1068 857 inmortales,
1109 811 1257 849 etiamsi
1304 822 1452 860 poenas

189 886 211 911 a
240 874 386 924 populo
418 874 598 912 Romano
627 876 679 912 ob
704 875 857 924 aliquod
888 875 1067 912 delictum
1091 873 1364 924 expetiverunt,
1387 872 1453 924 qui

189 939 296 977 civile
325 939 469 977 bellum
497 946 648 977 tantum
678 947 714 977 et
745 949 821 977 tam
851 940 1067 977 luctuosum
1097 939 1365 983 excitaverunt,
1395 937 1453 975 vel

188 1004 325 1054 placati
346 1005 422 1042 iam
441 1005 498 1042 vel
529 1006 651 1043 satiati
680 1005 889 1054 aliquando
918 1017 1076 1043 omnem
1106 1017 1214 1055 spem
1244 1003 1374 1042 salutis
1403 1003 1453 1041 ad

189 1070 433 1108 clementiam
454 1071 607 1108 victoris
627 1078 663 1108 et
686 1071 914 1121 sapientiam
936 1070 1153 1108 contulisse.

193 1187 247 1227 (ξς
282 1187 413 1228 19—20).
459 1188 490 1218 A
523 1187 601 1217 wisc
629 1186 702 1217 and
723 1186 808 1227 good
834 1190 955 1217 nature
987 1185 1015 1216 is
1039 1195 1129 1225 your
1154 1184 1282 1226 highest
1310 1183 1454 1222 reward,

281 1241 423 1273 Cacsar:
443 1251 485 1282 go
499 1251 541 1272 on
557 1252 594 1272 as
598 1251 667 1281 you
683 1240 766 1272 have
782 1241 897 1282 began.

247 1329 378 1377 Quare
409 1331 536 1380 gaude
566 1339 632 1369 tuo
662 1331 735 1368 isto
769 1338 847 1368 tam
881 1330 1081 1368 excellenti
1111 1330 1218 1369 bono
1247 1314 1298 1367 *et*
1332 1327 1453 1366 fruere
1474 1335 1513 1364 19

146 1424 153 1451 3
182 1407 280 1451 'cum
299 1395 453 1434 fortuna
481 1403 517 1434 et
546 1396 676 1446 gloria,
696 1403 779 1434 turn
808 1396 921 1434 etiarn
946 1403 1081 1434 natura
1108 1402 1145 1434 et
1175 1395 1348 1433 moribus
1368 1395 1454 1440 tuis,

125 1466 134 1477 *
191 1474 238 1499 ex
252 1474 329 1513 quo
343 1462 496 1512 quidem
518 1474 724 1500 maxumus
739 1470 795 1499 est
808 1462 951 1500 fructus
969 1461 1262 1512 iucunditasque
1279 1459 1451 1510 sapienti.

78 1547 85 1554 .
192 1518 330 1565 Cetera
353 1539 442 1565 cum
471 1536 535 1565 tua
563 1528 826 1573 recordabere‚
855 1528 924 1581 etsi
935 1539 1137 1592 persaepe
1165 1525 1301 1571 virtuti,
1325 1532 1455 1562 tamen
1505 1534 1519 1568 y

192 1592 416 1643 plerumque
437 1592 603 1631 felicitati
623 1600 710 1630 tuae
730 1576 996 1642 gratulabere3
1018 1592 1066 1630 de
1087 1591 1212 1638 nobis,
1236 1602 1335 1641 quos
1355 1590 1395 1627 in
1415 1601 1455 1627 re
1512 1589 1520 1600 ’

192 1657 347 1708 publica
359 1666 488 1696 tecum
502 1659 615 1696 simul
629 1670 713 1696 esse
728 1658 890 1704 voluisti,
905 1658 1083 1708 quotiens
1097 1657 1299 1707 cogitabis,
1315 1655 1456 1693 totiens

193 1723 241 1761 de
260 1724 452 1762 maxumis
467 1725 540 1762 tuis
555 1724 761 1771 beneficiis,
779 1724 918 1762 totiens
934 1724 981 1761 de
994 1722 1207 1762 incredibili
1222 1720 1456 1767 liberalitate,

192 1789 333 1827 totiens
353 1789 401 1827 de
416 1789 596 1839 singulari
610 1790 795 1839 sapientia
809 1798 874 1826 tua
889 1789 1097 1839 cogitabis3
1128 1800 1226 1838 quae
1242 1799 1322 1825 non
1337 1786 1456 1824 modo

112 1870 134 1881 *1
159 1895 165 1910 .=
189 1832 345 1892 'summa
356 1856 470 1904 bona,
485 1856 552 1894 sed
573 1857 754 1893 nimirum
770 1855 920 1915 audebo
935 1855 993 1893 vel
1013 1855 1096 1893 sola
1112 1854 1248 1892 dicere.
1305 1852 1456 1890 Tantus

195 1928 250 1959 est
267 1921 370 1958 enim
391 1921 595 1971 splendor
587 1935 626 1959 1n
645 1921 757 1960 laude
778 1907 876 1967 vera,
890 1928 994 1959 tanta
1009 1921 1048 1958 in
1062 1919 1325 1970 magnitudine
1340 1918 1457 1956 animi

163 2016 167 2019 .
194 1994 231 2024 et
265 1986 415 2024 consilii
449 1987 623 2037 dignitas,
656 1995 697 2025 ut
729 1987 825 2025 haec
857 2000 879 2025 a
909 1987 1061 2024 Virtute
1092 1986 1247 2031 donata,
1277 1992 1405 2022 cetera
1434 1995 1457 2020 a

196 2050 365 2090 Fortuna
394 2041 642 2105 comirpdata
669 2065 753 2090 esse
774 2053 984 2090 videantur.
1042 2051 1132 2089 Noli
1162 2052 1275 2101 igitur
1304 2050 1342 2087 in
1364 2060 1456 2087 con·
1477 2053 1519 2084 20

197 2117 390 2155 servandis
418 2118 532 2156 bonis
561 2119 649 2156 viris
673 2118 878 2168 defetigari,
900 2130 980 2156 non
1006 2117 1212 2167 cupiditate
1235 2114 1458 2166 praesertim

197 2181 325 2232 aliqua
353 2190 418 2220 aut
446 2184 628 2233 pravitate
656 2183 783 2234 lapsis,
806 2183 872 2236 sed
868 2183 1083 2248 m{ipinione
1106 2182 1219 2220 officii
1249 2180 1363 2219 stulta
1383 2178 1457 2217 for-

199 2255 310 2294 tasse,
330 2255 431 2286 certe
461 2260 541 2286 non
569 2248 742 2298 inproba,
764 2256 802 2287 et
830 2247 956 2299 specie
987 2247 1155 2298 quadam
1186 2247 1239 2284 rei
1268 2245 1457 2298 publicae.

575 2307 578 2310 “
1240 2306 1254 2326 d

839 2409 860 2426 'A
902 2407 924 2429 ιζ,
