1659 2499
143 398 183 428 31

146 1838 186 1868 33

202 82 254 123 26
564 91 615 123 M.
652 91 799 122 Τίνα]
828 91 1094 124 CICERONIS

202 205 344 234 temere
383 196 481 244 fecit,
526 198 715 246 paenitet;
758 198 808 234 ad
846 197 1088 235 clementiam
1129 205 1234 235 tuam
1272 198 1465 248 confugio,

203 261 327 299 delicti
351 262 500 300 veniam
530 270 632 312 peto,
653 270 694 300 ut
723 263 955 312 ignoscatur,
978 263 1072 301 or0.’
1131 263 1170 300 Si
1199 276 1316 302 nemo
1345 265 1465 313 impe-

203 327 323 372 travit,
345 335 577 377 arroganter,
600 329 629 365 si
661 328 823 377 plurimi,
844 335 885 365 tu
915 328 1016 366 idem
1038 328 1092 365 fer
1112 340 1241 378 opem,
1262 329 1327 379 qui
1357 340 1466 379 spem

204 391 348 429 dedisti.
406 393 470 429 An
505 393 683 442 sperandi
719 393 875 442 Ligario
910 406 1026 431 causa
1056 406 1136 431 non
1167 394 1224 439 sit,
1255 406 1344 431 cum
1375 393 1467 431 mihi

205 457 308 506 apud
324 465 359 494 te
376 457 484 496 locus
505 459 550 495 sit
572 459 687 496 etiam
705 471 774 507 pro
791 458 909 496 altero
922 459 1182 508 deprecandi?
1217 458 1467 508 Quamquam

204 523 333 560 necin
357 522 428 560 hac
453 525 625 562 oratione
654 536 741 573 spes
768 531 824 561 est
850 525 975 573 posita
1005 537 1144 562 causae
1168 537 1240 562 nec
1265 525 1304 561 in
1333 536 1465 562 eorum

203 588 345 633 studiis,
366 589 430 638 qui
452 601 473 626 a
493 596 529 626 te
548 602 618 638 pro
640 588 796 638 Ligario
818 597 950 638 petunt
971 590 1024 627 tui
1045 590 1261 627 necessarii,

261 652 336 688 11.
367 654 455 690 Vidi
477 654 579 691 enim
601 662 637 691 et
658 655 833 704 cognovi,
851 655 943 704 quid
964 656 1132 693 maxime
1154 662 1359 704 spectares,
1376 667 1466 692 cum

204 731 272 768 pro
311 719 470 756 alicuius
518 720 636 757 salute
676 720 784 757 multi
824 721 1066 767 laborarent;
1112 732 1249 765 causas
1288 720 1392 770 apud
1431 727 1468 758 te

204 785 418 834 rogantium
436 785 682 834 gratiosiores
703 798 786 822 esse
808 798 926 835 quam
940 786 1073 831 vultus,
1089 798 1213 835 neque
1231 793 1266 823 te
1283 792 1467 835 spectare,

203 862 319 899 quam
349 856 436 887 tuus
465 857 563 887 esset
593 851 831 888 necessarius
862 851 903 896 is,
934 851 998 900 qui
1029 858 1064 888 te
1094 858 1232 896 oraret,
1253 851 1319 888 sed
1350 863 1468 900 quam

203 915 313 960 illius,
334 927 404 964 pro
425 928 503 965 quo
523 915 721 953 laboraret.
782 916 916 965 Itaque
937 916 1068 953 tribuis
1088 923 1128 952 tu
1148 916 1305 965 quidem
1326 916 1397 953 tuis
1417 916 1469 953 ita

203 980 332 1026 multa,
357 990 397 1017 ut
428 981 519 1018 mihi
550 981 740 1018 beatiores
770 981 820 1018 illi
851 981 1051 1018 videantur
1080 981 1287 1027 interdum,
1309 981 1374 1031 qui
1404 989 1469 1018 tua

203 1046 423 1083 liberalitate
444 1047 626 1092 fruuntur,
647 1059 764 1096 quam
786 1053 825 1083 tu
845 1047 938 1095 ipse,
960 1047 1023 1095 qui
1045 1046 1116 1084 illis
1137 1055 1214 1084 tarn
1235 1047 1354 1084 multa
1375 1059 1468 1084 con-

203 1111 329 1156 cedas,
352 1111 418 1148 sed
438 1112 548 1149 video
568 1120 695 1149 tamen
718 1112 818 1161 apud
839 1120 874 1149 te
894 1124 1041 1157 causaS,
1064 1120 1103 1149 ut
1130 1112 1218 1157 dixi,
1239 1112 1362 1149 valere
1383 1112 1470 1161 plus

203 1188 318 1226 quam
349 1189 492 1226 preces,
514 1178 561 1214 ab
583 1177 704 1227 iisque
727 1184 762 1214 te
784 1178 927 1214 moveri
949 1178 1129 1222 maxime,
1155 1190 1320 1226 quorum
1342 1177 1467 1214 iustis-

204 1242 343 1278 simum
363 1242 493 1279 videas
514 1242 686 1280 dolorem
714 1243 750 1279 in
773 1243 953 1292 petendo.

258 1307 303 1343 In
335 1306 383 1353 Q.
416 1307 571 1356 Ligario
604 1308 871 1345 conservando
904 1308 1031 1345 multis
1061 1315 1100 1344 tu
1130 1308 1287 1357 quidem
1317 1314 1469 1356 gratum

204 1371 317 1409 facies
350 1373 572 1409 necessariis
605 1373 689 1418 iuis,
719 1373 786 1410 sed
817 1373 903 1419 hoc,
936 1385 1091 1422 quaeso,
1123 1373 1332 1417 considera,
1364 1372 1469 1421 quod

205 1437 314 1475 soles.
375 1437 540 1474 Possum
569 1437 796 1475 fortissimos
817 1439 927 1484 virOS,
952 1438 1127 1484 Sabinos,
1151 1438 1217 1475 tibi
1247 1437 1471 1487 probatissi-

205 1515 301 1548 mos,
331 1510 530 1552 totumque
560 1515 695 1552 agrum
728 1503 924 1548 Sabinum,
956 1503 1090 1540 florem
1120 1503 1252 1540 Italiae
1281 1515 1325 1540 ac
1355 1503 1471 1540 robur

205 1568 256 1605 rei
276 1568 463 1617 publicae,
485 1581 727 1617 proponere;
759 1569 858 1606 nosti
890 1569 1056 1617 optimos
1087 1568 1273 1605 homines.
1331 1568 1468 1604 Anim-

205 1634 357 1671 adverte
378 1632 515 1671 horum
536 1634 709 1671 omnium
731 1634 959 1671 maestitiam
989 1641 1026 1670 et
1056 1633 1254 1679 dolorem·;
1287 1633 1398 1670 huius
1420 1633 1469 1670 T.

206 1698 382 1745 Brocchi,
423 1699 469 1736 de
508 1711 588 1748 quo
627 1711 705 1736 non
745 1699 878 1736 dubito
919 1699 1011 1747 quid
1051 1698 1256 1743 existimes,
1295 1698 1471 1736 lacrimas

206 1764 502 1814 squaloremque
542 1764 658 1813 ipsius
697 1772 734 1801 et
775 1764 839 1800 filii
877 1764 994 1800 vides.
1065 1763 1171 1810 Quid
1209 1763 1257 1800 de
1296 1763 1472 1801 fratribus

206 1830 362 1867 dicam?
420 1828 521 1874 Noli,
543 1829 698 1874 Caesar,
720 1836 853 1879 putare
875 1829 922 1866 de
943 1829 1055 1866 unius
1076 1829 1201 1877 capite
1228 1841 1299 1866 nos
1327 1841 1442 1877 agere
1461 1841 1470 1875 ;

206 1902 270 1932 aut
291 1902 366 1932 tres
386 1895 452 1932 tibi
481 1894 621 1944 Ligarii
649 1894 836 1931 retinendi
867 1895 904 1931 in
930 1894 1079 1931 civitate
1107 1901 1195 1930 sunt
1225 1900 1289 1930 aut
1319 1901 1394 1931 tres
1423 1905 1471 1930 ex

207 1962 356 1998 civitate
396 1961 688 1998 exterminandi.
759 1951 863 1997 Nam
902 1960 1064 2008 quodvis
1103 1960 1260 1997 exilium
1308 1959 1366 1997 his
1415 1966 1472 1997 est

207 2027 375 2075 optatius
395 2038 512 2075 quam
537 2026 667 2075 patria,
690 2038 806 2075 quam
837 2026 987 2070 domus,
1013 2037 1129 2075 quam
1150 2025 1187 2061 di
1209 2032 1368 2074 penates
1391 2037 1471 2062 uno

207 2092 268 2130 illo
300 2092 490 2129 exulante.
551 2091 589 2128 Si
619 2091 795 2136 fraterne,
827 2092 856 2129 si
886 2091 957 2140 pie,
979 2091 1009 2127 si
1041 2103 1127 2127 curn
1157 2090 1288 2128 dolore
1317 2090 1472 2135 faciunt,

207 2164 385 2205 moveant
415 2164 451 2194 te
479 2156 616 2195 horum
647 2157 837 2202 lacrimae,
867 2163 1017 2194 moveat
1045 2156 1176 2204 pietas,
1208 2164 1360 2193 moveat
1387 2167 1471 2204 ger-

208 2223 398 2269 manitas;
429 2222 551 2259 valeat
572 2230 635 2260 tua
655 2235 729 2259 vox
752 2222 825 2268 illa,
848 2234 945 2271 quae
967 2221 1065 2259 vicit.
1123 2220 1184 2259 Te
1213 2221 1317 2258 enim
1347 2220 1471 2258 dicere
