1659 2499
239 99 333 132 PRO
363 98 502 130 REGE
530 98 792 131 DEIOTARO
825 99 1019 132 ORATIO.
1081 91 1128 146 ξξ
1159 90 1315 146 34—38.
1359 102 1414 144 45

149 211 207 242 est
237 204 371 243 solitus
403 204 571 254 benigne
603 204 672 242 sibi
702 217 724 242 a
753 204 901 255 populo
932 203 1114 242 Romano
1146 217 1229 242 esse
1258 204 1415 251 factum,

150 269 256 320 quod
285 270 398 308 nimis
428 282 572 320 magna
601 271 872 320 procuratione
903 270 1083 308 liberatus
1114 271 1276 308 modicis
1307 272 1415 320 regni

150 336 322 374 terminis
353 342 530 383 uteretur,
552 343 679 386 potest
709 336 830 374 multo
850 336 998 374 facilius
1028 348 1067 374 se
1088 335 1294 374 Deiotarus
1324 349 1415 374 con-

150 401 274 443 solari.
332 401 398 439 Ille
433 402 536 439 enim
572 400 708 439 furoris
741 401 901 439 multam
932 402 1146 448 sustulerat,
1177 401 1238 439 hic
1268 403 1416 439 erroris.

151 467 295 505 Omnia
323 475 363 505 tu
393 466 589 512 Deiotaro,
619 466 771 514 Caesar,
804 468 974 513 tribuisti,
1000 479 1088 505 cum
1117 474 1154 504 et
1182 468 1251 517 ipsi
1275 474 1311 505 et
1338 467 1415 505 filio

149 544 296 570 nomen
331 532 479 581 regium
511 532 747 570 concessisti.
806 532 897 570 Hoc
928 533 1084 571 nomine
1115 540 1264 571 retento
1301 540 1415 582 atque

150 604 297 636 servato
327 597 472 635 nullum
502 597 732 635 beneficium
763 598 895 648 populi
927 598 1110 644 Romani,
1141 598 1288 636 nullum
1321 598 1416 636 iudi-

149 663 249 700 cium
271 662 319 700 de
350 675 389 700 se
420 670 576 701 senatus
606 663 851 701 imminutum
873 671 990 713 putat.
1048 663 1198 713 Magno
1228 664 1358 702 animo
1380 672 1415 702 et

149 734 277 767 erecto
307 735 363 766 est
394 740 464 766 nec
493 740 679 778 umquam
710 730 935 767 succumbet
965 730 1140 776 inimicis,
1162 742 1211 767 ne
1239 729 1415 768 fortunae

148 794 316 844 quidem.
373 793 498 832 Multa
527 807 568 832 se
599 795 802 833 arbitratur
831 803 868 833 et
896 796 1093 846 peperisse
1123 803 1210 833 ante
1241 795 1348 834 factis
1378 802 1415 833 et
1435 803 1473 835 37

147 860 288 898 habere
317 861 356 898 in
387 861 518 898 animo
548 868 662 909 atque
691 861 836 907 virtute,
868 873 968 911 quae
1003 861 1108 900 nullo
1139 861 1260 899 modo
1294 862 1416 912 possit

148 925 334 963 amittere.
390 925 504 973 Quae
537 926 641 963 enim
674 926 824 964 fortuna
858 934 923 964 aut
956 927 1041 976 quis
1073 939 1187 964 casus
1222 934 1285 964 aut
1317 939 1416 977 quae

148 998 253 1028 tanta
291 992 411 1041 possit
441 992 578 1029 iniuria
612 992 790 1029 omnium
829 992 1105 1042 imperatorum
1144 992 1191 1029 de
1231 991 1416 1030 Deiotaro

149 1057 301 1094 decreta
339 1057 492 1095 delere?
566 1057 630 1094 Ab
671 1057 852 1099 omnibus
891 1057 993 1095 enim
1033 1065 1088 1094 est
1127 1064 1298 1104 ornatus,
1337 1058 1414 1107 qui,

149 1129 404 1171 posteaquam
435 1122 474 1159 in
506 1122 640 1160 castris
672 1134 755 1160 esse
787 1123 911 1172 potuit
940 1135 1009 1172 per
1037 1129 1211 1168 aetatem,
1243 1123 1281 1160 in
1310 1123 1415 1169 Asia,

149 1186 412 1238 Cappadocia,
434 1187 571 1235 Ponto,
590 1187 736 1235 Cilicia,
755 1187 863 1238 Syria
882 1188 983 1226 bella
1002 1195 1204 1237 gesserunt
1220 1201 1230 1234 ς
1260 1196 1416 1226 senatus

148 1264 240 1290 vero
265 1252 404 1290 iudicia
439 1253 485 1291 de
519 1253 582 1291 illo
616 1261 696 1290 tam
729 1253 849 1292 multa
877 1260 1032 1303 tamque
1063 1253 1285 1298 honorifica,
1316 1266 1415 1304 quae

151 1317 313 1368 publicis
333 1318 463 1368 populi
485 1318 656 1357 Romani
685 1318 814 1356 litteris
844 1319 1166 1368 monimentisque
1187 1319 1416 1368 consignata

150 1390 247 1429 sunt,
268 1396 368 1433 quae
387 1396 575 1434 umquam
595 1390 761 1421 vetustas
782 1384 918 1422 obruet
937 1390 1001 1421 aut
1020 1396 1117 1434 quae
1139 1391 1245 1422 tanta
1273 1384 1416 1422 delebit

150 1449 321 1487 oblivio?
378 1448 484 1496 Quid
513 1449 561 1487 de
600 1450 736 1487 virtute
774 1450 856 1487 eius
895 1449 1033 1495 dicam,
1067 1450 1114 1487 de
1151 1450 1415 1499 magnitudine

149 1514 277 1560 animi,
315 1515 508 1563 gravitate,
543 1515 785 1553 constantia?
834 1526 932 1564 quae
975 1526 1112 1552 omnes
1154 1515 1258 1552 docti
1298 1522 1415 1565 atque

148 1580 339 1629 sapientes
378 1592 540 1627 summa,
579 1580 737 1630 quidam
773 1580 888 1617 etiarn
925 1579 1007 1618 sola
1044 1581 1149 1618 bona
1186 1591 1271 1618 esse
1306 1580 1415 1618 dixe-

149 1652 245 1692 runt,
277 1644 411 1695 hisque
445 1658 524 1683 non
563 1645 683 1682 modo
722 1645 771 1682 ad
811 1646 921 1691 bene,
961 1645 1028 1683 sed
1065 1645 1180 1683 etiam
1212 1645 1261 1683 ad
1301 1646 1413 1684 beate

149 1710 353 1748 vivendum
383 1717 605 1748 contentam
634 1722 717 1748 esse
749 1711 937 1748 virtutem.
996 1710 1106 1748 Haec
1142 1711 1201 1748 ille
1232 1718 1416 1761 reputans

151 1782 188 1813 et
213 1775 292 1813 dies
322 1783 534 1825 noctesque
565 1776 740 1825 cogitans
768 1788 848 1814 non
873 1775 992 1814 modo
1013 1776 1080 1813 tibi
1109 1788 1189 1813 non
1220 1784 1416 1814 suscenset

151 1839 269 1889 (esset
288 1841 391 1879 enim
411 1853 492 1879 non
513 1841 637 1879 solum
659 1841 841 1890 ingratus,
864 1841 932 1879 sed
959 1842 1074 1879 etiam
1097 1841 1260 1893 amens),
1283 1855 1416 1880 verum

153 1917 310 1943 omnem
343 1906 657 1956 tranquillitatem
694 1914 732 1945 et
771 1907 939 1957 quietem
978 1908 1183 1945 senectutis
1215 1915 1415 1957 acceptam

153 1970 266 2008 refert
285 1971 513 2009 clementiae
533 1978 632 2009 tuae.

209 2036 286 2072 14.
317 2035 408 2083 Quo
447 2037 606 2087 quidem
644 2037 776 2075 animo
814 2049 905 2075 cum
943 2044 1056 2075 antea
1094 2037 1174 2084 fuit,
1213 2045 1297 2076 tum
1335 2051 1415 2077 non

152 2100 296 2146 dubito,
321 2102 415 2152 quin
434 2102 507 2141 tuis
526 2102 669 2149 litteris,
692 2114 857 2153 quarum
886 2091 1107 2153 exemplum
1132 2103 1219 2153 legi,
1244 2116 1340 2154 quas
1366 2105 1416 2141 ad

151 2178 242 2204 eum
276 2166 498 2205 Tarracone
531 2167 619 2205 huic
655 2167 852 2206 Blesamio
883 2168 1030 2216 dedisti,
1065 2181 1106 2207 se
1141 2169 1265 2219 magis
1300 2170 1415 2207 etiam

153 2232 316 2270 erexerit
334 2233 383 2270 ab
403 2232 588 2284 omnique
609 2232 862 2272 sollicitudine
883 2234 1120 2273 abstraxerit.
1177 2235 1292 2273 Iubes
1312 2235 1414 2272 enim

1446 1726 1485 1756 3b
