1659 2499
157 465 197 496 13

163 1183 200 1212 14

215 90 271 133 34
581 85 634 116 M.
670 84 820 116 TULLI
849 83 1117 115 CICERONIS

215 193 345 231 Tanto
376 191 435 229 ille
465 191 681 241 superiores
710 191 848 228 vicerat
877 189 1012 239 gloria,
1043 195 1187 239 quanto
1222 194 1261 226 tu
1295 187 1476 225 omnibus

215 257 441 308 praestitisti.
500 257 634 306 Itaque
651 255 722 293 Cn.
740 255 901 304 Pompei
914 254 1025 300 bella,
1041 253 1230 299 victorias,
1247 252 1472 302 triumphos,

216 323 436 362 consulatus
483 322 716 359 admirantes
761 321 1072 365 numerabamus,
1120 327 1206 356 tuos
1253 330 1476 356 enumerare

215 401 296 426 non
317 399 534 438 possumus.

272 458 316 493 5.
346 453 409 491 Ad
430 465 520 491 eum
540 453 651 502 igitur
670 464 735 489 rex
755 451 961 489 Deiotarus
981 450 1083 488 venit
1106 450 1180 487 hoc
1201 450 1341 488 misero
1362 448 1479 486 fatali-

215 532 290 569 que
329 519 442 565 bello,
464 531 579 568 quem
601 525 712 555 antea
727 517 832 554 iustis
851 516 1129 566 hostilibusque
1145 516 1253 553 bellis
1273 515 1479 560 adiuverat,

217 597 387 635 quocum
407 591 487 622 erat
510 596 589 621 non
611 583 777 632 hospitio
799 582 934 628 solum,
950 595 1081 620 verum
1101 582 1215 619 etiam
1229 580 1479 618 familiaritate

218 651 455 694 coniunctus,
477 656 514 686 et
533 649 633 685 venit
652 648 711 685 vel
731 655 890 698 rogatus
909 655 949 685 ut
968 648 1116 685 amicus
1136 647 1194 684 vel
1215 647 1420 684 accersitus
1440 653 1482 682 ut

218 716 343 754 socius
382 715 439 752 vel
472 722 651 751 evocatus
685 721 725 750 ut
760 714 801 759 is,
834 713 899 763 qui
934 713 1080 750 senatui
1111 724 1245 761 parere
1277 711 1480 754 didicisset,

218 788 414 830 postremo
435 780 533 817 venit
554 778 603 816 ad
631 778 851 828 fugientem,
873 791 953 816 non
983 778 1031 815 ad
1061 769 1339 827 insequentem,
1361 776 1399 813 id
1426 783 1481 813 est

219 847 267 884 ad
287 845 454 895 periculi,
476 857 556 882 non
577 844 626 881 ad
654 844 834 882 victoriae
864 844 1095 881 societatem.
1154 843 1288 892 Itaque
1319 842 1479 879 Pharsa-

218 912 291 949 lico
319 910 465 960 proelio
495 910 596 947 facto
627 922 649 946 a
682 909 869 958 Pompeio
908 909 1105 954 discessit;
1146 920 1255 958 spem
1295 907 1482 944 infinitam

218 977 396 1026 persequi
426 976 573 1020 noluit;
604 974 661 1012 vel
692 974 828 1020 officio,
861 975 889 1012 si
920 975 1012 1024 quid
1042 974 1236 1019 debuerat,
1267 973 1325 1010 vel
1353 972 1482 1016 errori,

219 1043 250 1080 si
289 1042 380 1091 quid
420 1041 618 1085 nescierat,
654 1040 742 1077 satis
772 1039 914 1077 factum
952 1051 1036 1077 esse
1069 1039 1200 1085 duxit;
1244 1039 1404 1076 domum
1444 1049 1484 1074 se

220 1107 380 1145 contulit
414 1114 528 1156 teque
562 1105 867 1143 Alexandrinum
901 1105 1043 1142 bellum
1074 1111 1230 1154 gerente
1263 1104 1484 1141 utilitatibus

221 1173 295 1210 tuis
325 1172 459 1222 paruit.
516 1171 583 1208 Ille
612 1171 822 1209 exercitum
853 1170 924 1208 Cn.
956 1170 1114 1216 Domiti,
1148 1170 1371 1219 amplissimi
1404 1169 1482 1215 viri,

221 1238 297 1276 suis
330 1238 437 1275 tectis
469 1243 505 1275 et
536 1237 658 1285 copiis
694 1236 927 1281 sustentavit,
964 1235 1022 1273 ille
1057 1235 1257 1284 Ephesum
1296 1235 1345 1272 ad
1383 1246 1484 1279 eum,

221 1315 337 1353 quem
358 1310 398 1340 tu
421 1315 468 1340 ex
498 1302 571 1339 tuis
602 1301 866 1339 fidelissimum
895 1308 931 1338 et
962 1301 1275 1350 probatissimum
1305 1300 1486 1338 omnibus

222 1369 403 1419 delegisti,
426 1369 630 1418 pecuniam
651 1368 764 1412 misit,
788 1367 846 1404 ille
866 1368 1012 1413 iterum,
1034 1367 1094 1404 ille
1115 1367 1225 1405 tertio
1245 1366 1485 1404 auctionibus

222 1435 330 1472 factis
360 1434 565 1484 pecuniam
595 1433 709 1480 dedit,
732 1444 809 1482 qua
839 1432 888 1470 ad
917 1432 1059 1469 bellum
1088 1439 1247 1477 uterere,
1267 1431 1327 1468 ille
1347 1441 1486 1480 corpus

223 1512 335 1537 suum
356 1498 526 1548 periculo
547 1498 686 1535 obiecit
707 1504 911 1546 tecumque
932 1497 970 1534 in
992 1497 1071 1534 acie
1093 1502 1227 1534 contra
1248 1495 1486 1532 Pharnacem

222 1564 291 1602 suit
319 1573 504 1614 tuumque
535 1563 686 1600 hostem
715 1574 799 1599 esse
828 1562 935 1599 duxit
965 1574 1088 1598 suum.
1147 1560 1258 1607 Quae
1287 1559 1443 1610 quidem
1465 1572 1486 1596 a

223 1637 260 1667 te
281 1630 319 1666 in
340 1641 426 1666 eam
446 1635 592 1678 partem
615 1635 773 1677 accepta
793 1635 892 1673 sunt,
915 1626 1066 1672 Caesar,
1081 1634 1121 1663 ut
1141 1638 1236 1664 eum.
1251 1625 1485 1675 amplissimo

223 1696 324 1745 regis
344 1695 492 1732 honore
513 1702 550 1731 et
571 1694 729 1731 nomine
750 1693 944 1730 adfeceris.

270 1841 417 1871 Second
440 1840 618 1869 Division
643 1839 697 1876 (ἐξ
719 1838 863 1878 15-22):
889 1837 1079 1867 Resutation
1102 1836 1139 1867 of
1157 1835 1212 1866 the
1228 1834 1370 1876 Charge.
1415 1833 1488 1866 The

225 1899 395 1936 argument
411 1893 495 1924 from
504 1892 705 1934 probability
721 1893 748 1923 is
763 1891 842 1923 used
859 1890 1044 1932 (probabile
1057 1901 1097 1922 ex
1109 1892 1187 1928 vita,
1204 1890 1316 1921 drawn
1334 1889 1418 1920 from
1433 1889 1488 1920 the

225 1955 298 1990 past
314 1948 481 1980 character
498 1948 535 1979 of
554 1948 609 1979 the
626 1947 782 1979 accused:
810 1949 826 1984 ξ
849 1955 898 1987 17,
915 1957 946 1988 p.
964 1956 1003 1977 ex
1020 1956 1125 1985 causa,
1144 1946 1228 1976 from
1248 1945 1302 1976 the
1317 1949 1404 1976 want
1420 1944 1458 1976 of
1469 1955 1489 1975 a

225 2005 346 2035 motive
362 2004 411 2034 for
427 2002 506 2034 such
523 2014 541 2033 a
558 2002 685 2040 crime).

232 2059 264 2089 T
260 2058 314 2089 lzz's
329 2058 510 2089 Deiotarus
527 2057 556 2087 is
571 2057 706 2087 accused
717 2056 757 2098 qs
758 2055 889 2096 having
907 2054 1039 2087 devised
1043 2065 1135 2095 your
1145 2054 1283 2086 murder
1296 2058 1331 2085 at
1347 2053 1400 2084 lcis
1414 2063 1489 2085 own

313 2113 419 2143 house.
464 2112 547 2149 But,
561 2116 592 2142 to
604 2122 661 2151 say
673 2110 865 2152 nothingus
872 2110 925 2141 tlte
939 2113 1122 2140 monstrans
1132 2109 1225 2149 guill
1239 2108 1279 2150 qf
1287 2109 1326 2148 it,
1338 2109 1367 2139 it
1381 2107 1493 2139 would

314 2166 396 2197 have
417 2166 491 2197 been
513 2165 566 2197 tlze
588 2170 640 2196 act
657 2164 697 2206 cf
707 2176 728 2196 a
750 2165 917 2196 madman.
964 2164 998 2203 (ξ
1022 2163 1075 2204 16)
1097 2164 1183 2194 And
1199 2163 1237 2194 lze
1253 2173 1322 2193 was
1341 2162 1394 2193 tlte
1411 2165 1492 2192 most

315 2220 486 2252 deliberate
501 2220 634 2262 osmen.
672 2219 704 2260 (ξ
727 2220 778 2261 17)
798 2220 830 2250 T
826 2219 866 2250 lte
877 2218 995 2259 charge
1008 2219 1037 2249 is
1052 2222 1109 2249 not
1123 2228 1201 2249 even
1210 2217 1384 2259 plausible.
1425 2216 1492 2247 The
