<?xml version="1.0" encoding="UTF-8"?>
<!DOCTYPE html PUBLIC "-//W3C//DTD XHTML 1.0 Transitional//EN"
    "http://www.w3.org/TR/xhtml1/DTD/xhtml1-transitional.dtd">
<html xmlns="http://www.w3.org/1999/xhtml" xml:lang="en" lang="en">
 <head>
  <title>
</title>
<meta http-equiv="Content-Type" content="text/html;charset=utf-8" />
  <meta name='ocr-system' content='tesseract 3.04.00' />
  <meta name='ocr-capabilities' content='ocr_page ocr_carea ocr_par ocr_line ocrx_word'/>
</head>
<body>
  <div class='ocr_page' id='page_1' title='image "./orationescaesar00ciceuoft/orationescaesar00ciceuoft_0020.png"; bbox 0 0 1659 2499; ppageno 0'>
   <div class='ocr_carea' id='block_1_1' title="bbox 218 92 1113 129">
    <p class='ocr_par' dir='ltr' id='par_1_1' title="bbox 218 92 1113 129">
     <span class='ocr_line' id='line_1_1' title="bbox 218 92 1113 129; baseline -0.002 -4"><span class='ocrx_word' id='word_1_1' title='bbox 218 97 268 125; x_wconf 85' lang='lat'>12</span> <span class='ocrx_word' id='word_1_2' title='bbox 580 95 632 129; x_wconf 78' lang='lat' dir='ltr'><em>M</em></span> <span class='ocrx_word' id='word_1_3' title='bbox 668 93 814 125; x_wconf 78' lang='lat' dir='ltr'><em>TULLJ</em></span> <span class='ocrx_word' id='word_1_4' title='bbox 844 92 1113 124; x_wconf 77' lang='lat' dir='ltr'><em>CICERONIS</em></span> 
     </span>
    </p>
   </div>
   <div class='ocr_carea' id='block_1_2' title="bbox 154 198 1472 317">
    <p class='ocr_par' dir='ltr' id='par_1_2' title="bbox 154 198 1472 317">
     <span class='ocr_line' id='line_1_2' title="bbox 154 198 1472 253; baseline -0.002 -15"><span class='ocrx_word' id='word_1_5' title='bbox 154 231 168 245; x_wconf 31' lang='grc' dir='ltr'><em>ζ</em></span> <span class='ocrx_word' id='word_1_6' title='bbox 214 201 295 239; x_wconf 89' lang='lat' dir='ltr'>aliis</span> <span class='ocrx_word' id='word_1_7' title='bbox 333 209 464 253; x_wconf 90' lang='lat' dir='ltr'>erepta</span> <span class='ocrx_word' id='word_1_8' title='bbox 511 208 609 239; x_wconf 89' lang='lat' dir='ltr'>sunt.</span> <span class='ocrx_word' id='word_1_9' title='bbox 677 200 856 250; x_wconf 87' lang='lat' dir='ltr'>Ingratus</span> <span class='ocrx_word' id='word_1_10' title='bbox 894 207 950 236; x_wconf 89' lang='lat' dir='ltr'>est</span> <span class='ocrx_word' id='word_1_11' title='bbox 989 199 1224 248; x_wconf 86' lang='lat' dir='ltr'>iniustusque</span> <span class='ocrx_word' id='word_1_12' title='bbox 1265 198 1368 244; x_wconf 86' lang='lat' dir='ltr'>civis,</span> <span class='ocrx_word' id='word_1_13' title='bbox 1408 199 1472 248; x_wconf 87' lang='lat' dir='ltr'>qui</span> 
     </span>
     <span class='ocr_line' id='line_1_3' title="bbox 166 259 1472 317; baseline -0.003 -13"><span class='ocrx_word' id='word_1_14' title='bbox 166 259 168 262; x_wconf 43' lang='grc'>’</span> <span class='ocrx_word' id='word_1_15' title='bbox 214 279 412 305; x_wconf 88' lang='lat' dir='ltr'>armorum</span> <span class='ocrx_word' id='word_1_16' title='bbox 432 267 603 317; x_wconf 90' lang='lat' dir='ltr'>periculo</span> <span class='ocrx_word' id='word_1_17' title='bbox 629 266 808 303; x_wconf 84' lang='lat' dir='ltr'>liberatus</span> <span class='ocrx_word' id='word_1_18' title='bbox 835 265 1007 302; x_wconf 88' lang='lat' dir='ltr'>animum</span> <span class='ocrx_word' id='word_1_19' title='bbox 1034 272 1162 301; x_wconf 91' lang='lat' dir='ltr'>tamen</span> <span class='ocrx_word' id='word_1_20' title='bbox 1185 264 1320 301; x_wconf 86' lang='lat' dir='ltr'>retinet</span> <span class='ocrx_word' id='word_1_21' title='bbox 1349 276 1472 301; x_wconf 84' lang='lat' dir='ltr'>arma-</span> 
     </span>
    </p>
   </div>
   <div class='ocr_carea' id='block_1_3' title="bbox 152 2037 191 2066">
    <p class='ocr_par' dir='ltr' id='par_1_3' title="bbox 152 2037 191 2066">
     <span class='ocr_line' id='line_1_4' title="bbox 152 2037 191 2066; baseline -0.026 0"><span class='ocrx_word' id='word_1_22' title='bbox 152 2037 191 2066; x_wconf 76' lang='lat'>34</span> 
     </span>
    </p>
   </div>
   <div class='ocr_carea' id='block_1_4' title="bbox 213 326 1505 1229">
    <p class='ocr_par' dir='ltr' id='par_1_4' title="bbox 213 326 1505 709">
     <span class='ocr_line' id='line_1_5' title="bbox 214 326 1473 382; baseline -0.003 -13"><span class='ocrx_word' id='word_1_23' title='bbox 214 340 306 378; x_wconf 82' lang='lat' dir='ltr'>tum,</span> <span class='ocrx_word' id='word_1_24' title='bbox 328 341 368 370; x_wconf 92' lang='lat' dir='ltr'>ut</span> <span class='ocrx_word' id='word_1_25' title='bbox 394 334 509 371; x_wconf 85' lang='lat' dir='ltr'>etiam</span> <span class='ocrx_word' id='word_1_26' title='bbox 535 333 596 370; x_wconf 93' lang='lat' dir='ltr'>ille</span> <span class='ocrx_word' id='word_1_27' title='bbox 623 331 757 369; x_wconf 93' lang='lat' dir='ltr'>melior</span> <span class='ocrx_word' id='word_1_28' title='bbox 778 331 834 376; x_wconf 87' lang='lat' dir='ltr'>sit,</span> <span class='ocrx_word' id='word_1_29' title='bbox 860 327 941 382; x_wconf 85' lang='lat' dir='ltr'>[qui</span> <span class='ocrx_word' id='word_1_30' title='bbox 972 330 1010 366; x_wconf 91' lang='lat' dir='ltr'>in</span> <span class='ocrx_word' id='word_1_31' title='bbox 1040 330 1121 367; x_wconf 88' lang='lat' dir='ltr'>acie</span> <span class='ocrx_word' id='word_1_32' title='bbox 1151 326 1320 381; x_wconf 88' lang='lat' dir='ltr'>cecidit,]</span> <span class='ocrx_word' id='word_1_33' title='bbox 1341 330 1406 379; x_wconf 92' lang='lat' dir='ltr'>qui</span> <span class='ocrx_word' id='word_1_34' title='bbox 1434 329 1473 365; x_wconf 91' lang='lat' dir='ltr'>in</span> 
     </span>
     <span class='ocr_line' id='line_1_6' title="bbox 214 393 1471 447; baseline -0.005 -11"><span class='ocrx_word' id='word_1_35' title='bbox 214 410 330 435; x_wconf 84' lang='lat' dir='ltr'>causa</span> <span class='ocrx_word' id='word_1_36' title='bbox 345 398 515 435; x_wconf 86' lang='lat' dir='ltr'>animam</span> <span class='ocrx_word' id='word_1_37' title='bbox 531 397 707 447; x_wconf 89' lang='lat' dir='ltr'>profudit.</span> <span class='ocrx_word' id='word_1_38' title='bbox 747 394 858 441; x_wconf 83' lang='lat' dir='ltr'>Quae</span> <span class='ocrx_word' id='word_1_39' title='bbox 879 394 981 432; x_wconf 89' lang='lat' dir='ltr'>enim</span> <span class='ocrx_word' id='word_1_40' title='bbox 1001 394 1211 442; x_wconf 82' lang='lat' dir='ltr'>pertinacia</span> <span class='ocrx_word' id='word_1_41' title='bbox 1230 393 1471 443; x_wconf 85' lang='lat' dir='ltr'>quibusdam,</span> 
     </span>
     <span class='ocr_line' id='line_1_7' title="bbox 213 458 1474 509; baseline -0.004 -9"><span class='ocrx_word' id='word_1_42' title='bbox 213 462 349 500; x_wconf 87' lang='lat' dir='ltr'>eadem</span> <span class='ocrx_word' id='word_1_43' title='bbox 370 463 451 500; x_wconf 90' lang='lat' dir='ltr'>aliis</span> <span class='ocrx_word' id='word_1_44' title='bbox 472 462 686 501; x_wconf 86' lang='lat' dir='ltr'>constantia</span> <span class='ocrx_word' id='word_1_45' title='bbox 708 459 822 497; x_wconf 76' lang='lat' dir='ltr'>videri</span> <span class='ocrx_word' id='word_1_46' title='bbox 842 466 981 509; x_wconf 89' lang='lat' dir='ltr'>potest.</span> <span class='ocrx_word' id='word_1_47' title='bbox 1034 458 1109 496; x_wconf 88' lang='lat' dir='ltr'>Sed</span> <span class='ocrx_word' id='word_1_48' title='bbox 1123 459 1199 496; x_wconf 88' lang='lat' dir='ltr'>iam</span> <span class='ocrx_word' id='word_1_49' title='bbox 1213 459 1342 496; x_wconf 89' lang='lat' dir='ltr'>omnis</span> <span class='ocrx_word' id='word_1_50' title='bbox 1356 458 1474 496; x_wconf 85' lang='lat' dir='ltr'>fracta</span> 
     </span>
     <span class='ocr_line' id='line_1_8' title="bbox 215 525 1494 589; baseline -0.005 -23"><span class='ocrx_word' id='word_1_51' title='bbox 215 528 402 566; x_wconf 83' lang='lat' dir='ltr'>dissensio</span> <span class='ocrx_word' id='word_1_52' title='bbox 441 535 496 566; x_wconf 88' lang='lat' dir='ltr'>est</span> <span class='ocrx_word' id='word_1_53' title='bbox 537 528 661 572; x_wconf 73' lang='lat' dir='ltr'>armiS,</span> <span class='ocrx_word' id='word_1_54' title='bbox 694 526 859 563; x_wconf 77' lang='lat' dir='ltr'>extincta</span> <span class='ocrx_word' id='word_1_55' title='bbox 898 525 1090 573; x_wconf 80' lang='lat' dir='ltr'>aequitate</span> <span class='ocrx_word' id='word_1_56' title='bbox 1124 525 1302 589; x_wconf 81' lang='lat' dir='ltr'>victoris3</span> <span class='ocrx_word' id='word_1_57' title='bbox 1344 530 1472 574; x_wconf 81' lang='lat' dir='ltr'>restat,</span> <span class='ocrx_word' id='word_1_58' title='bbox 1491 574 1494 575; x_wconf 19' lang='lat'><em>⁷</em></span> 
     </span>
     <span class='ocr_line' id='line_1_9' title="bbox 214 554 1505 639; baseline -0.004 -8"><span class='ocrx_word' id='word_1_59' title='bbox 214 602 254 630; x_wconf 92' lang='lat' dir='ltr'>ut</span> <span class='ocrx_word' id='word_1_60' title='bbox 290 606 426 631; x_wconf 87' lang='lat' dir='ltr'>omnes</span> <span class='ocrx_word' id='word_1_61' title='bbox 464 605 585 630; x_wconf 89' lang='lat' dir='ltr'>unum</span> <span class='ocrx_word' id='word_1_62' title='bbox 619 592 743 634; x_wconf 82' lang='lat' dir='ltr'>velint,</span> <span class='ocrx_word' id='word_1_63' title='bbox 774 591 838 639; x_wconf 87' lang='lat' dir='ltr'>qui</span> <span class='ocrx_word' id='word_1_64' title='bbox 870 590 990 627; x_wconf 91' lang='lat' dir='ltr'>modo</span> <span class='ocrx_word' id='word_1_65' title='bbox 1025 590 1168 627; x_wconf 86' lang='lat' dir='ltr'>habent</span> <span class='ocrx_word' id='word_1_66' title='bbox 1198 570 1354 639; x_wconf 77' lang='lat' dir='ltr'>aliquid</span> <span class='ocrx_word' id='word_1_67' title='bbox 1384 554 1505 627; x_wconf 29' lang='lat' dir='ltr'>nori*</span> 
     </span>
     <span class='ocr_line' id='line_1_10' title="bbox 215 654 1474 709; baseline -0.006 -12"><span class='ocrx_word' id='word_1_68' title='bbox 215 659 339 697; x_wconf 86' lang='lat' dir='ltr'>solum</span> <span class='ocrx_word' id='word_1_69' title='bbox 359 660 578 709; x_wconf 83' lang='lat' dir='ltr'>sapientiae,</span> <span class='ocrx_word' id='word_1_70' title='bbox 600 657 666 694; x_wconf 87' lang='lat' dir='ltr'>sed</span> <span class='ocrx_word' id='word_1_71' title='bbox 695 656 810 693; x_wconf 86' lang='lat' dir='ltr'>etiam</span> <span class='ocrx_word' id='word_1_72' title='bbox 842 656 1025 693; x_wconf 83' lang='lat' dir='ltr'>sanitatis.</span> <span class='ocrx_word' id='word_1_73' title='bbox 1073 655 1158 692; x_wconf 86' lang='lat' dir='ltr'>Nisi</span> <span class='ocrx_word' id='word_1_74' title='bbox 1182 663 1229 701; x_wconf 86' lang='lat' dir='ltr'>te,</span> <span class='ocrx_word' id='word_1_75' title='bbox 1252 655 1297 693; x_wconf 90' lang='lat' dir='ltr'>C.</span> <span class='ocrx_word' id='word_1_76' title='bbox 1319 654 1474 700; x_wconf 78' lang='lat' dir='ltr'>Caesar,</span> 
     </span>
    </p>

    <p class='ocr_par' dir='ltr' id='par_1_5' title="bbox 215 720 1478 1229">
     <span class='ocr_line' id='line_1_11' title="bbox 215 720 1474 771; baseline -0.005 -10"><span class='ocrx_word' id='word_1_77' title='bbox 215 724 320 762; x_wconf 81' lang='lat' dir='ltr'>salvo</span> <span class='ocrx_word' id='word_1_78' title='bbox 349 732 385 762; x_wconf 87' lang='lat' dir='ltr'>et</span> <span class='ocrx_word' id='word_1_79' title='bbox 414 725 452 761; x_wconf 89' lang='lat' dir='ltr'>in</span> <span class='ocrx_word' id='word_1_80' title='bbox 477 725 546 761; x_wconf 83' lang='lat' dir='ltr'>ista</span> <span class='ocrx_word' id='word_1_81' title='bbox 575 722 774 767; x_wconf 80' lang='lat' dir='ltr'>sententia,</span> <span class='ocrx_word' id='word_1_82' title='bbox 804 733 881 770; x_wconf 85' lang='lat' dir='ltr'>qua</span> <span class='ocrx_word' id='word_1_83' title='bbox 910 733 997 758; x_wconf 88' lang='lat' dir='ltr'>eum</span> <span class='ocrx_word' id='word_1_84' title='bbox 1028 729 1150 766; x_wconf 88' lang='lat' dir='ltr'>antea,</span> <span class='ocrx_word' id='word_1_85' title='bbox 1171 728 1251 771; x_wconf 87' lang='lat' dir='ltr'>tum</span> <span class='ocrx_word' id='word_1_86' title='bbox 1283 720 1398 758; x_wconf 91' lang='lat' dir='ltr'>hodie</span> <span class='ocrx_word' id='word_1_87' title='bbox 1419 720 1474 757; x_wconf 90' lang='lat' dir='ltr'>vel</span> 
     </span>
     <span class='ocr_line' id='line_1_12' title="bbox 215 784 1475 834; baseline -0.003 -9"><span class='ocrx_word' id='word_1_88' title='bbox 215 789 382 826; x_wconf 83' lang='lat' dir='ltr'>maxime</span> <span class='ocrx_word' id='word_1_89' title='bbox 403 800 493 826; x_wconf 84' lang='lat' dir='ltr'>usus</span> <span class='ocrx_word' id='word_1_90' title='bbox 514 800 564 833; x_wconf 84' lang='lat' dir='ltr'>es,</span> <span class='ocrx_word' id='word_1_91' title='bbox 580 794 759 824; x_wconf 84' lang='lat' dir='ltr'>manente</span> <span class='ocrx_word' id='word_1_92' title='bbox 780 785 869 823; x_wconf 86' lang='lat' dir='ltr'>salvi</span> <span class='ocrx_word' id='word_1_93' title='bbox 890 797 971 822; x_wconf 87' lang='lat' dir='ltr'>esse</span> <span class='ocrx_word' id='word_1_94' title='bbox 988 798 1068 823; x_wconf 90' lang='lat' dir='ltr'>non</span> <span class='ocrx_word' id='word_1_95' title='bbox 1088 797 1304 834; x_wconf 88' lang='lat' dir='ltr'>possumus.</span> <span class='ocrx_word' id='word_1_96' title='bbox 1345 784 1475 831; x_wconf 86' lang='lat' dir='ltr'>Quare</span> 
     </span>
     <span class='ocr_line' id='line_1_13' title="bbox 216 850 1474 903; baseline -0.004 -12"><span class='ocrx_word' id='word_1_97' title='bbox 216 867 350 891; x_wconf 89' lang='lat' dir='ltr'>omnes</span> <span class='ocrx_word' id='word_1_98' title='bbox 381 861 427 896; x_wconf 69' lang='lat' dir='ltr'>te7</span> <span class='ocrx_word' id='word_1_99' title='bbox 460 854 524 903; x_wconf 89' lang='lat' dir='ltr'>qui</span> <span class='ocrx_word' id='word_1_100' title='bbox 555 853 650 890; x_wconf 86' lang='lat' dir='ltr'>haec</span> <span class='ocrx_word' id='word_1_101' title='bbox 683 852 786 889; x_wconf 76' lang='lat' dir='ltr'>salva</span> <span class='ocrx_word' id='word_1_102' title='bbox 815 864 897 889; x_wconf 89' lang='lat' dir='ltr'>esse</span> <span class='ocrx_word' id='word_1_103' title='bbox 927 851 1114 897; x_wconf 82' lang='lat' dir='ltr'>volumus,</span> <span class='ocrx_word' id='word_1_104' title='bbox 1143 859 1179 888; x_wconf 91' lang='lat' dir='ltr'>et</span> <span class='ocrx_word' id='word_1_105' title='bbox 1213 850 1410 888; x_wconf 86' lang='lat' dir='ltr'>hortamur</span> <span class='ocrx_word' id='word_1_106' title='bbox 1441 858 1474 887; x_wconf 85' lang='lat' dir='ltr'>et</span> 
     </span>
     <span class='ocr_line' id='line_1_14' title="bbox 216 916 1477 965; baseline -0.004 -8"><span class='ocrx_word' id='word_1_107' title='bbox 216 920 476 964; x_wconf 84' lang='lat' dir='ltr'>obsecramus,</span> <span class='ocrx_word' id='word_1_108' title='bbox 509 926 548 955; x_wconf 87' lang='lat' dir='ltr'>ut</span> <span class='ocrx_word' id='word_1_109' title='bbox 579 918 674 954; x_wconf 60' lang='lat' dir='ltr'>vitae</span> <span class='ocrx_word' id='word_1_110' title='bbox 710 925 796 954; x_wconf 85' lang='lat' dir='ltr'>tuae</span> <span class='ocrx_word' id='word_1_111' title='bbox 832 925 867 954; x_wconf 90' lang='lat' dir='ltr'>et</span> <span class='ocrx_word' id='word_1_112' title='bbox 899 917 1006 954; x_wconf 88' lang='lat' dir='ltr'>saluti</span> <span class='ocrx_word' id='word_1_113' title='bbox 1039 916 1231 961; x_wconf 77' lang='lat' dir='ltr'>consulas,</span> <span class='ocrx_word' id='word_1_114' title='bbox 1262 927 1477 965; x_wconf 88' lang='lat' dir='ltr'>omnesque</span> 
     </span>
     <span class='ocr_line' id='line_1_15' title="bbox 216 980 1477 1033; baseline -0.003 -12"><span class='ocrx_word' id='word_1_115' title='bbox 216 985 280 1020; x_wconf 84' lang='lat' dir='ltr'>tibi</span> <span class='ocrx_word' id='word_1_116' title='bbox 303 984 358 1033; x_wconf 90' lang='lat' dir='ltr'>(ut</span> <span class='ocrx_word' id='word_1_117' title='bbox 388 997 458 1033; x_wconf 86' lang='lat' dir='ltr'>pro</span> <span class='ocrx_word' id='word_1_118' title='bbox 488 984 569 1020; x_wconf 83' lang='lat' dir='ltr'>aliis</span> <span class='ocrx_word' id='word_1_119' title='bbox 599 983 712 1020; x_wconf 82' lang='lat' dir='ltr'>etiam</span> <span class='ocrx_word' id='word_1_120' title='bbox 743 982 889 1032; x_wconf 85' lang='lat' dir='ltr'>loquar,</span> <span class='ocrx_word' id='word_1_121' title='bbox 911 982 1015 1031; x_wconf 89' lang='lat' dir='ltr'>quod</span> <span class='ocrx_word' id='word_1_122' title='bbox 1046 981 1093 1018; x_wconf 93' lang='lat' dir='ltr'>de</span> <span class='ocrx_word' id='word_1_123' title='bbox 1123 993 1185 1018; x_wconf 93' lang='lat' dir='ltr'>me</span> <span class='ocrx_word' id='word_1_124' title='bbox 1214 982 1295 1030; x_wconf 87' lang='lat' dir='ltr'>ipse</span> <span class='ocrx_word' id='word_1_125' title='bbox 1325 980 1477 1027; x_wconf 82' lang='lat' dir='ltr'>sentio),</span> 
     </span>
     <span class='ocr_line' id='line_1_16' title="bbox 217 1039 1478 1099; baseline -0.006 -11"><span class='ocrx_word' id='word_1_126' title='bbox 217 1051 402 1099; x_wconf 87' lang='lat' dir='ltr'>quoniam</span> <span class='ocrx_word' id='word_1_127' title='bbox 432 1039 588 1087; x_wconf 77' lang='lat' dir='ltr'>sub‘esse</span> <span class='ocrx_word' id='word_1_128' title='bbox 613 1047 755 1098; x_wconf 88' lang='lat' dir='ltr'>aliquid</span> <span class='ocrx_word' id='word_1_129' title='bbox 785 1055 908 1097; x_wconf 81' lang='lat' dir='ltr'>putaS,</span> <span class='ocrx_word' id='word_1_130' title='bbox 935 1047 1039 1097; x_wconf 86' lang='lat' dir='ltr'>quod</span> <span class='ocrx_word' id='word_1_131' title='bbox 1069 1046 1280 1084; x_wconf 72' lang='lat' dir='ltr'>cavendum</span> <span class='ocrx_word' id='word_1_132' title='bbox 1312 1046 1368 1091; x_wconf 90' lang='lat' dir='ltr'>sit,</span> <span class='ocrx_word' id='word_1_133' title='bbox 1399 1058 1478 1083; x_wconf 88' lang='lat' dir='ltr'>non</span> 
     </span>
     <span class='ocr_line' id='line_1_17' title="bbox 216 1112 1476 1159; baseline -0.004 -8"><span class='ocrx_word' id='word_1_134' title='bbox 216 1115 335 1153; x_wconf 84' lang='lat' dir='ltr'>modo</span> <span class='ocrx_word' id='word_1_135' title='bbox 357 1115 541 1153; x_wconf 81' lang='lat' dir='ltr'>excubias</span> <span class='ocrx_word' id='word_1_136' title='bbox 562 1122 598 1151; x_wconf 90' lang='lat' dir='ltr'>et</span> <span class='ocrx_word' id='word_1_137' title='bbox 619 1113 822 1159; x_wconf 75' lang='lat' dir='ltr'>custodias,</span> <span class='ocrx_word' id='word_1_138' title='bbox 845 1113 912 1150; x_wconf 87' lang='lat' dir='ltr'>sed</span> <span class='ocrx_word' id='word_1_139' title='bbox 933 1113 1049 1150; x_wconf 87' lang='lat' dir='ltr'>etiam</span> <span class='ocrx_word' id='word_1_140' title='bbox 1070 1112 1228 1149; x_wconf 83' lang='lat' dir='ltr'>laterum</span> <span class='ocrx_word' id='word_1_141' title='bbox 1257 1118 1476 1149; x_wconf 85' lang='lat' dir='ltr'>nostrorum</span> 
     </span>
     <span class='ocr_line' id='line_1_18' title="bbox 216 1178 958 1229; baseline -0.005 -11"><span class='ocrx_word' id='word_1_142' title='bbox 216 1181 416 1229; x_wconf 87' lang='lat' dir='ltr'>oppositus</span> <span class='ocrx_word' id='word_1_143' title='bbox 436 1187 473 1217; x_wconf 88' lang='lat' dir='ltr'>et</span> <span class='ocrx_word' id='word_1_144' title='bbox 494 1191 698 1229; x_wconf 88' lang='lat' dir='ltr'>corporum</span> <span class='ocrx_word' id='word_1_145' title='bbox 720 1178 958 1228; x_wconf 88' lang='lat' dir='ltr'>pollicemur.</span> 
     </span>
    </p>
   </div>
   <div class='ocr_carea' id='block_1_5' title="bbox 217 1287 1481 1441">
    <p class='ocr_par' dir='ltr' id='par_1_6' title="bbox 217 1287 1481 1441">
     <span class='ocr_line' id='line_1_19' title="bbox 217 1287 1481 1330; baseline -0.003 -9"><span class='ocrx_word' id='word_1_146' title='bbox 217 1292 438 1321; x_wconf 82' lang='lat' dir='ltr'>Peroration</span> <span class='ocrx_word' id='word_1_147' title='bbox 468 1291 500 1330; x_wconf 67' lang='grc' dir='ltr'>(ξ</span> <span class='ocrx_word' id='word_1_148' title='bbox 531 1290 597 1329; x_wconf 72' lang='lat'>11).</span> <span class='ocrx_word' id='word_1_149' title='bbox 648 1290 670 1320; x_wconf 88' lang='lat' dir='ltr'><em>l</em></span> <span class='ocrx_word' id='word_1_150' title='bbox 691 1300 744 1320; x_wconf 86' lang='lat' dir='ltr'>am</span> <span class='ocrx_word' id='word_1_151' title='bbox 776 1288 969 1329; x_wconf 62' lang='lat' dir='ltr'>express-ing</span> <span class='ocrx_word' id='word_1_152' title='bbox 993 1287 1046 1318; x_wconf 71' lang='lat' dir='ltr'>the</span> <span class='ocrx_word' id='word_1_153' title='bbox 1065 1287 1236 1328; x_wconf 78' lang='lat' dir='ltr'>gratitude</span> <span class='ocrx_word' id='word_1_154' title='bbox 1261 1287 1301 1328; x_wconf 88' lang='lat' dir='ltr'>of</span> <span class='ocrx_word' id='word_1_155' title='bbox 1319 1287 1389 1318; x_wconf 84' lang='lat' dir='ltr'>all:</span> <span class='ocrx_word' id='word_1_156' title='bbox 1423 1287 1481 1317; x_wconf 79' lang='lat' dir='ltr'>but</span> 
     </span>
     <span class='ocr_line' id='line_1_20' title="bbox 304 1342 1480 1385; baseline -0.003 -9"><span class='ocrx_word' id='word_1_157' title='bbox 304 1345 421 1376; x_wconf 78' lang='lat' dir='ltr'>besides</span> <span class='ocrx_word' id='word_1_158' title='bbox 443 1345 527 1384; x_wconf 80' lang='lat' dir='ltr'>that,</span> <span class='ocrx_word' id='word_1_159' title='bbox 545 1355 599 1385; x_wconf 84' lang='lat' dir='ltr'>my</span> <span class='ocrx_word' id='word_1_160' title='bbox 621 1355 694 1375; x_wconf 79' lang='lat' dir='ltr'>own</span> <span class='ocrx_word' id='word_1_161' title='bbox 714 1343 885 1384; x_wconf 68' lang='lat' dir='ltr'>gratitude</span> <span class='ocrx_word' id='word_1_162' title='bbox 898 1343 961 1384; x_wconf 81' lang='lat' dir='ltr'>sor</span> <span class='ocrx_word' id='word_1_163' title='bbox 982 1343 1050 1374; x_wconf 76' lang='lat' dir='ltr'>this</span> <span class='ocrx_word' id='word_1_164' title='bbox 1065 1353 1156 1383; x_wconf 86' lang='lat' dir='ltr'><em>your</em></span> <span class='ocrx_word' id='word_1_165' title='bbox 1176 1343 1350 1383; x_wconf 74' lang='lat' dir='ltr'>crownz‘ng</span> <span class='ocrx_word' id='word_1_166' title='bbox 1361 1342 1480 1372; x_wconf 79' lang='lat' dir='ltr'>service</span> 
     </span>
     <span class='ocr_line' id='line_1_21' title="bbox 305 1397 970 1441; baseline -0.005 -10"><span class='ocrx_word' id='word_1_167' title='bbox 305 1405 335 1431; x_wconf 86' lang='lat' dir='ltr'>to</span> <span class='ocrx_word' id='word_1_168' title='bbox 351 1400 472 1441; x_wconf 86' lang='lat' dir='ltr'>myself</span> <span class='ocrx_word' id='word_1_169' title='bbox 484 1401 521 1430; x_wconf 83' lang='lat' dir='ltr'>in</span> <span class='ocrx_word' id='word_1_170' title='bbox 537 1400 590 1431; x_wconf 81' lang='lat' dir='ltr'>the</span> <span class='ocrx_word' id='word_1_171' title='bbox 599 1405 719 1441; x_wconf 82' lang='lat' dir='ltr'>person</span> <span class='ocrx_word' id='word_1_172' title='bbox 734 1397 774 1440; x_wconf 73' lang='lat' dir='ltr'>qs</span> <span class='ocrx_word' id='word_1_173' title='bbox 782 1398 970 1429; x_wconf 80' lang='lat' dir='ltr'>Marcellus.</span> 
     </span>
    </p>
   </div>
   <div class='ocr_carea' id='block_1_6' title="bbox 218 1496 1483 2266">
    <p class='ocr_par' dir='ltr' id='par_1_7' title="bbox 218 1496 1483 2266">
     <span class='ocr_line' id='line_1_22' title="bbox 273 1496 1479 1545; baseline 0 -12"><span class='ocrx_word' id='word_1_174' title='bbox 273 1499 348 1534; x_wconf 88' lang='lat'>11.</span> <span class='ocrx_word' id='word_1_175' title='bbox 384 1500 459 1537; x_wconf 85' lang='lat' dir='ltr'>Sed</span> <span class='ocrx_word' id='word_1_176' title='bbox 480 1508 531 1545; x_wconf 82' lang='lat' dir='ltr'>ut,</span> <span class='ocrx_word' id='word_1_177' title='bbox 552 1499 653 1536; x_wconf 91' lang='lat' dir='ltr'>unde</span> <span class='ocrx_word' id='word_1_178' title='bbox 673 1506 729 1537; x_wconf 83' lang='lat' dir='ltr'>est</span> <span class='ocrx_word' id='word_1_179' title='bbox 750 1511 847 1544; x_wconf 83' lang='lat' dir='ltr'>orsa,</span> <span class='ocrx_word' id='word_1_180' title='bbox 870 1500 908 1535; x_wconf 89' lang='lat' dir='ltr'>in</span> <span class='ocrx_word' id='word_1_181' title='bbox 935 1498 1072 1536; x_wconf 90' lang='lat' dir='ltr'>eodem</span> <span class='ocrx_word' id='word_1_182' title='bbox 1100 1497 1322 1535; x_wconf 79' lang='lat' dir='ltr'>terminetur</span> <span class='ocrx_word' id='word_1_183' title='bbox 1345 1496 1479 1541; x_wconf 72' lang='lat' dir='ltr'>oratio,</span> 
     </span>
     <span class='ocr_line' id='line_1_23' title="bbox 218 1562 1480 1614; baseline -0.005 -11"><span class='ocrx_word' id='word_1_184' title='bbox 218 1567 407 1603; x_wconf 84' lang='lat' dir='ltr'>maximas</span> <span class='ocrx_word' id='word_1_185' title='bbox 437 1566 502 1602; x_wconf 88' lang='lat' dir='ltr'>tibi</span> <span class='ocrx_word' id='word_1_186' title='bbox 532 1577 668 1602; x_wconf 90' lang='lat' dir='ltr'>omnes</span> <span class='ocrx_word' id='word_1_187' title='bbox 697 1564 838 1614; x_wconf 80' lang='lat' dir='ltr'>gratias</span> <span class='ocrx_word' id='word_1_188' title='bbox 868 1565 1027 1613; x_wconf 84' lang='lat' dir='ltr'>agimus,</span> <span class='ocrx_word' id='word_1_189' title='bbox 1059 1563 1102 1601; x_wconf 92' lang='lat' dir='ltr'>C.</span> <span class='ocrx_word' id='word_1_190' title='bbox 1134 1563 1288 1608; x_wconf 86' lang='lat' dir='ltr'>Caesar,</span> <span class='ocrx_word' id='word_1_191' title='bbox 1317 1562 1480 1599; x_wconf 73' lang='lat' dir='ltr'>maiores</span> 
     </span>
     <span class='ocr_line' id='line_1_24' title="bbox 219 1627 1480 1676; baseline -0.004 -8"><span class='ocrx_word' id='word_1_192' title='bbox 219 1632 333 1669; x_wconf 85' lang='lat' dir='ltr'>etiam</span> <span class='ocrx_word' id='word_1_193' title='bbox 365 1631 563 1668; x_wconf 89' lang='lat' dir='ltr'>habemus.</span> <span class='ocrx_word' id='word_1_194' title='bbox 622 1629 726 1667; x_wconf 83' lang='lat' dir='ltr'>Nam</span> <span class='ocrx_word' id='word_1_195' title='bbox 758 1641 895 1667; x_wconf 88' lang='lat' dir='ltr'>omnes</span> <span class='ocrx_word' id='word_1_196' title='bbox 937 1629 1039 1666; x_wconf 91' lang='lat' dir='ltr'>idem</span> <span class='ocrx_word' id='word_1_197' title='bbox 1078 1628 1256 1673; x_wconf 89' lang='lat' dir='ltr'>sentiunt,</span> <span class='ocrx_word' id='word_1_198' title='bbox 1289 1627 1395 1676; x_wconf 92' lang='lat' dir='ltr'>quod</span> <span class='ocrx_word' id='word_1_199' title='bbox 1433 1639 1480 1664; x_wconf 88' lang='lat' dir='ltr'>ex</span> 
     </span>
     <span class='ocr_line' id='line_1_25' title="bbox 219 1691 1480 1745; baseline -0.004 -12"><span class='ocrx_word' id='word_1_200' title='bbox 219 1697 394 1735; x_wconf 91' lang='lat' dir='ltr'>omnium</span> <span class='ocrx_word' id='word_1_201' title='bbox 424 1696 602 1745; x_wconf 81' lang='lat' dir='ltr'>precibus</span> <span class='ocrx_word' id='word_1_202' title='bbox 631 1702 667 1732; x_wconf 93' lang='lat' dir='ltr'>et</span> <span class='ocrx_word' id='word_1_203' title='bbox 697 1695 861 1732; x_wconf 86' lang='lat' dir='ltr'>lacrimis</span> <span class='ocrx_word' id='word_1_204' title='bbox 891 1694 1032 1732; x_wconf 89' lang='lat' dir='ltr'>sentire</span> <span class='ocrx_word' id='word_1_205' title='bbox 1060 1693 1226 1744; x_wconf 87' lang='lat' dir='ltr'>potuisti.</span> <span class='ocrx_word' id='word_1_206' title='bbox 1287 1691 1363 1730; x_wconf 92' lang='lat' dir='ltr'>Sed</span> <span class='ocrx_word' id='word_1_207' title='bbox 1391 1692 1480 1741; x_wconf 85' lang='lat' dir='ltr'>quia</span> 
     </span>
     <span class='ocr_line' id='line_1_26' title="bbox 220 1757 1479 1804; baseline -0.004 -6"><span class='ocrx_word' id='word_1_208' title='bbox 220 1768 377 1802; x_wconf 75' lang='lat' dir='ltr'>nonest</span> <span class='ocrx_word' id='word_1_209' title='bbox 397 1761 578 1798; x_wconf 86' lang='lat' dir='ltr'>omnibus</span> <span class='ocrx_word' id='word_1_210' title='bbox 599 1760 788 1798; x_wconf 86' lang='lat' dir='ltr'>stantibus</span> <span class='ocrx_word' id='word_1_211' title='bbox 816 1771 972 1797; x_wconf 89' lang='lat' dir='ltr'>necesse</span> <span class='ocrx_word' id='word_1_212' title='bbox 999 1759 1133 1804; x_wconf 88' lang='lat' dir='ltr'>dicere,</span> <span class='ocrx_word' id='word_1_213' title='bbox 1159 1771 1181 1795; x_wconf 88' lang='lat' dir='ltr'>a</span> <span class='ocrx_word' id='word_1_214' title='bbox 1201 1770 1240 1794; x_wconf 93' lang='lat' dir='ltr'>m</span> <span class='ocrx_word' id='word_1_215' title='bbox 1285 1763 1387 1795; x_wconf 84' lang='lat' dir='ltr'>certe</span> <span class='ocrx_word' id='word_1_216' title='bbox 1407 1757 1479 1794; x_wconf 91' lang='lat' dir='ltr'>dici</span> 
     </span>
     <span class='ocr_line' id='line_1_27' title="bbox 220 1822 1481 1874; baseline -0.002 -13"><span class='ocrx_word' id='word_1_217' title='bbox 220 1826 362 1872; x_wconf 81' lang='lat' dir='ltr'>volunt,</span> <span class='ocrx_word' id='word_1_218' title='bbox 399 1827 459 1863; x_wconf 92' lang='lat' dir='ltr'>cui</span> <span class='ocrx_word' id='word_1_219' title='bbox 493 1838 650 1863; x_wconf 88' lang='lat' dir='ltr'>necesse</span> <span class='ocrx_word' id='word_1_220' title='bbox 688 1832 745 1862; x_wconf 88' lang='lat' dir='ltr'>est</span> <span class='ocrx_word' id='word_1_221' title='bbox 783 1824 953 1874; x_wconf 80' lang='lat' dir='ltr'>quodam</span> <span class='ocrx_word' id='word_1_222' title='bbox 993 1824 1133 1869; x_wconf 88' lang='lat' dir='ltr'>modo;</span> <span class='ocrx_word' id='word_1_223' title='bbox 1174 1830 1222 1868; x_wconf 90' lang='lat' dir='ltr'>et,</span> <span class='ocrx_word' id='word_1_224' title='bbox 1258 1822 1364 1871; x_wconf 89' lang='lat' dir='ltr'>quod</span> <span class='ocrx_word' id='word_1_225' title='bbox 1402 1822 1481 1859; x_wconf 90' lang='lat' dir='ltr'>fieri</span> 
     </span>
     <span class='ocr_line' id='line_1_28' title="bbox 220 1887 1481 1939; baseline -0.004 -10"><span class='ocrx_word' id='word_1_226' title='bbox 220 1892 329 1929; x_wconf 87' lang='lat' dir='ltr'>decet</span> <span class='ocrx_word' id='word_1_227' title='bbox 350 1891 405 1927; x_wconf 90' lang='lat' dir='ltr'>M.</span> <span class='ocrx_word' id='word_1_228' title='bbox 428 1890 613 1928; x_wconf 88' lang='lat' dir='ltr'>Marcello</span> <span class='ocrx_word' id='word_1_229' title='bbox 635 1903 656 1927; x_wconf 85' lang='lat' dir='ltr'>a</span> <span class='ocrx_word' id='word_1_230' title='bbox 677 1897 712 1927; x_wconf 87' lang='lat' dir='ltr'>te</span> <span class='ocrx_word' id='word_1_231' title='bbox 732 1890 820 1927; x_wconf 90' lang='lat' dir='ltr'>huic</span> <span class='ocrx_word' id='word_1_232' title='bbox 847 1889 971 1928; x_wconf 89' lang='lat' dir='ltr'>ordini</span> <span class='ocrx_word' id='word_1_233' title='bbox 995 1889 1215 1939; x_wconf 90' lang='lat' dir='ltr'>populoque</span> <span class='ocrx_word' id='word_1_234' title='bbox 1243 1887 1426 1925; x_wconf 90' lang='lat' dir='ltr'>Romano</span> <span class='ocrx_word' id='word_1_235' title='bbox 1446 1895 1481 1924; x_wconf 85' lang='lat' dir='ltr'>et</span> 
     </span>
     <span class='ocr_line' id='line_1_29' title="bbox 222 1953 1483 2006; baseline -0.004 -12"><span class='ocrx_word' id='word_1_236' title='bbox 222 1958 274 1995; x_wconf 87' lang='lat' dir='ltr'>rei</span> <span class='ocrx_word' id='word_1_237' title='bbox 294 1957 470 2006; x_wconf 84' lang='lat' dir='ltr'>publicae</span> <span class='ocrx_word' id='word_1_238' title='bbox 492 1956 652 2002; x_wconf 84' lang='lat' dir='ltr'>reddito,</span> <span class='ocrx_word' id='word_1_239' title='bbox 675 1956 754 1993; x_wconf 86' lang='lat' dir='ltr'>fieri</span> <span class='ocrx_word' id='word_1_240' title='bbox 774 1956 812 1992; x_wconf 91' lang='lat' dir='ltr'>id</span> <span class='ocrx_word' id='word_1_241' title='bbox 832 1955 1010 2004; x_wconf 88' lang='lat' dir='ltr'>intellego</span> <span class='ocrx_word' id='word_1_242' title='bbox 1071 1953 1175 1991; x_wconf 89' lang='lat' dir='ltr'>Nam</span> <span class='ocrx_word' id='word_1_243' title='bbox 1194 1954 1327 1991; x_wconf 90' lang='lat' dir='ltr'>laetari</span> <span class='ocrx_word' id='word_1_244' title='bbox 1347 1965 1483 1990; x_wconf 86' lang='lat' dir='ltr'>omnes</span> 
     </span>
     <span class='ocr_line' id='line_1_30' title="bbox 222 2018 1482 2066; baseline -0.003 -7"><span class='ocrx_word' id='word_1_245' title='bbox 222 2034 301 2059; x_wconf 89' lang='lat' dir='ltr'>non</span> <span class='ocrx_word' id='word_1_246' title='bbox 322 2021 369 2059; x_wconf 92' lang='lat' dir='ltr'>de</span> <span class='ocrx_word' id='word_1_247' title='bbox 389 2022 501 2059; x_wconf 90' lang='lat' dir='ltr'>unius</span> <span class='ocrx_word' id='word_1_248' title='bbox 522 2021 657 2066; x_wconf 87' lang='lat' dir='ltr'>solum,</span> <span class='ocrx_word' id='word_1_249' title='bbox 679 2021 746 2058; x_wconf 88' lang='lat' dir='ltr'>sed</span> <span class='ocrx_word' id='word_1_250' title='bbox 767 2021 814 2058; x_wconf 93' lang='lat' dir='ltr'>de</span> <span class='ocrx_word' id='word_1_251' title='bbox 833 2033 988 2058; x_wconf 91' lang='lat' dir='ltr'>commu</span> <span class='ocrx_word' id='word_1_252' title='bbox 1020 2020 1027 2027; x_wconf 87' lang='lat'><strong>&#39;</strong></span> <span class='ocrx_word' id='word_1_253' title='bbox 1051 2020 1169 2057; x_wconf 79' lang='lat' dir='ltr'>salute</span> <span class='ocrx_word' id='word_1_254' title='bbox 1189 2019 1323 2057; x_wconf 89' lang='lat' dir='ltr'>sentio.</span> <span class='ocrx_word' id='word_1_255' title='bbox 1363 2018 1482 2065; x_wconf 89' lang='lat' dir='ltr'>Quod</span> 
     </span>
     <span class='ocr_line' id='line_1_31' title="bbox 222 2077 1482 2134; baseline -0.004 -9"><span class='ocrx_word' id='word_1_256' title='bbox 222 2096 351 2125; x_wconf 87' lang='lat' dir='ltr'>autem</span> <span class='ocrx_word' id='word_1_257' title='bbox 385 2099 561 2124; x_wconf 86' lang='lat' dir='ltr'>summae</span> <span class='ocrx_word' id='word_1_258' title='bbox 593 2086 870 2124; x_wconf 85' lang='lat' dir='ltr'>benivolentiae</span> <span class='ocrx_word' id='word_1_259' title='bbox 904 2093 971 2131; x_wconf 89' lang='lat' dir='ltr'>est,</span> <span class='ocrx_word' id='word_1_260' title='bbox 1004 2097 1103 2134; x_wconf 91' lang='lat' dir='ltr'>quae</span> <span class='ocrx_word' id='word_1_261' title='bbox 1136 2077 1224 2123; x_wconf 73' lang='lat' dir='ltr'>mea</span> <span class='ocrx_word' id='word_1_262' title='bbox 1255 2081 1345 2133; x_wconf 82' lang='lat' dir='ltr'>erga</span> <span class='ocrx_word' id='word_1_263' title='bbox 1376 2084 1482 2121; x_wconf 91' lang='lat' dir='ltr'>illum</span> 
     </span>
     <span class='ocr_line' id='line_1_32' title="bbox 223 2150 1483 2205; baseline -0.003 -15"><span class='ocrx_word' id='word_1_264' title='bbox 223 2153 404 2205; x_wconf 83' lang='lat' dir='ltr'>omnibus</span> <span class='ocrx_word' id='word_1_265' title='bbox 433 2164 585 2201; x_wconf 88' lang='lat' dir='ltr'>semper</span> <span class='ocrx_word' id='word_1_266' title='bbox 614 2160 704 2190; x_wconf 85' lang='lat' dir='ltr'>nota</span> <span class='ocrx_word' id='word_1_267' title='bbox 734 2151 811 2194; x_wconf 79' lang='lat' dir='ltr'>fuit,</span> <span class='ocrx_word' id='word_1_268' title='bbox 832 2158 873 2188; x_wconf 92' lang='lat' dir='ltr'>ut</span> <span class='ocrx_word' id='word_1_269' title='bbox 894 2151 954 2187; x_wconf 89' lang='lat' dir='ltr'>vix</span> <span class='ocrx_word' id='word_1_270' title='bbox 980 2150 1024 2188; x_wconf 90' lang='lat' dir='ltr'>C.</span> <span class='ocrx_word' id='word_1_271' title='bbox 1046 2150 1246 2195; x_wconf 84' lang='lat' dir='ltr'>Marcello,</span> <span class='ocrx_word' id='word_1_272' title='bbox 1268 2150 1418 2199; x_wconf 85' lang='lat' dir='ltr'>optimo</span> <span class='ocrx_word' id='word_1_273' title='bbox 1447 2156 1483 2186; x_wconf 88' lang='lat' dir='ltr'>et</span> 
     </span>
     <span class='ocr_line' id='line_1_33' title="bbox 223 2214 1483 2266; baseline -0.002 -12"><span class='ocrx_word' id='word_1_274' title='bbox 223 2217 486 2255; x_wconf 85' lang='lat' dir='ltr'>amantissimo</span> <span class='ocrx_word' id='word_1_275' title='bbox 515 2216 627 2262; x_wconf 87' lang='lat' dir='ltr'>fratri,</span> <span class='ocrx_word' id='word_1_276' title='bbox 649 2225 797 2266; x_wconf 87' lang='lat' dir='ltr'>praeter</span> <span class='ocrx_word' id='word_1_277' title='bbox 825 2229 912 2254; x_wconf 90' lang='lat' dir='ltr'>eum</span> <span class='ocrx_word' id='word_1_278' title='bbox 941 2215 1095 2266; x_wconf 85' lang='lat' dir='ltr'>quidem</span> <span class='ocrx_word' id='word_1_279' title='bbox 1125 2214 1301 2252; x_wconf 88' lang='lat' dir='ltr'>cederem</span> <span class='ocrx_word' id='word_1_280' title='bbox 1328 2215 1483 2259; x_wconf 89' lang='lat' dir='ltr'>nemini,</span> 
     </span>
    </p>
   </div>
  </div>
 </body>
</html>
