1659 2499
177 81 230 110 20
541 80 596 110 M.
632 80 780 112 TULLJ
809 80 1076 112 CICERONIS

175 184 287 230 nolle,
321 185 425 223 aliud
457 193 514 222 est
546 186 645 224 nolle
677 187 856 224 misereri.
915 186 1020 223 Tum
1055 186 1223 224 diceres:
1257 186 1436 232 ‘Caes-ar,

175 262 266 288 cave
294 250 426 288 credas
442 264 451 297 ;
483 250 550 288 fuit
579 252 617 288 in
637 251 778 297 Africa,
800 252 881 289 tulit
901 264 1007 289 arma
1027 259 1161 289 contra
1181 259 1217 288 te
1234 252 1265 288 !'
1323 251 1437 288 Nunc

174 315 267 364 quid
296 316 418 353 dicis?
476 316 604 354 ‘Cave
634 315 864 366 ignoscas!'
924 317 1034 354 Haec
1064 329 1135 354 nec
1165 316 1331 354 hominis
1365 329 1436 354 nec

174 380 224 418 ad
262 381 462 418 hominem
501 394 575 419 vox
614 390 682 420 est.
740 381 829 428 Qua
868 382 934 431 qui
977 382 1080 431 apud
1119 389 1166 427 te,
1204 381 1248 419 C.
1282 381 1437 425 Caesam

174 446 302 492 utitur,
324 458 432 484 suam
454 446 564 485 citius
588 447 727 485 abiciet
752 447 1029 484 humanitatem
1057 459 1174 497 quam
1200 447 1437 496 extorquebit

174 520 290 549 tuam.

175 621 230 661 (ἓξ
268 622 397 662 17-19).
461 623 492 652 T
488 622 526 652 lle
547 622 654 652 action
678 621 718 662 qf
728 622 888 662 Legamus
910 633 978 652 was
1001 633 1042 653 no
1067 623 1166 654 crime
1195 622 1330 661 (scelus)
1343 632 1353 652 .·
1375 621 1438 663 sb)-

262 676 310 715 (a)
330 687 371 707 no
383 687 441 707 one
454 676 511 706 but
528 677 652 707 Tubero
663 687 738 707 ever
749 677 1006 707 attribusedtlzz's
1020 681 1049 708 lo
1062 677 1114 708 tlte
1127 677 1307 717 Pompez'an
1313 681 1416 717 party
1428 688 1437 706 .-

262 730 315 772 (b)
333 737 388 762 nol
409 732 531 763 Cacsar
552 731 692 773 himself
694 741 704 762 .·
717 731 781 772 sor
803 733 831 762 it
851 742 919 762 was
940 736 996 763 not
1014 733 1096 763 witlz
1118 732 1293 769 criminals
1312 732 1385 762 tluzt
1401 733 1438 763 lze

261 786 377 826 sought
398 791 428 817 to
447 787 538 817 make
556 791 676 827 peasa
699 786 735 827 if
750 786 788 817 lle
811 786 880 817 had
900 787 980 817 done
1004 797 1046 825 so,
1069 787 1108 818 lle
1133 787 1245 817 would
1261 787 1343 818 have
1364 787 1437 817 been

262 851 303 871 no
329 845 403 871 true
424 841 561 881 patriai.
612 841 657 882 (c)
675 841 762 871 Eaclz
779 846 882 882 parly
903 841 974 871 had
985 841 1144 882 patrz‘otz'c
1163 842 1354 880 ίηίωιίιόης,
1371 842 1442 872 aml

260 906 280 925 α
292 895 377 935 good
388 905 482 926 cause
505 895 576 925 and
595 905 640 925 an
664 895 810 926 eminent
833 895 950 926 leadcr.
1003 896 1060 926 We
1083 906 1143 925 can
1164 896 1241 935 only
1261 899 1365 936 ac‹·ept
1385 896 1438 925 the

261 950 385 980 verdicl
399 949 438 990 of
446 950 596 988 Hcaven,
613 949 687 980 that
705 950 827 981 Caesar
841 949 909 980 had
921 949 974 980 tlze
990 949 1088 981 better
1102 960 1206 980 cause.

116 1028 154 1059 17
230 1026 274 1061 6.
305 1027 361 1064 Ac
392 1027 538 1076 primus
568 1027 692 1064 aditus
723 1034 759 1065 et
788 1028 991 1077 postulatio
1022 1027 1242 1065 Tuberonis
1270 1027 1376 1073 haec,
1398 1036 1439 1065 ut

175 1093 322 1142 opinor,
354 1092 432 1140 fuit,
465 1092 558 1130 velle
589 1105 628 1130 se
659 1093 706 1130 de
735 1092 786 1139 Q.
818 1092 944 1141 Ligari
980 1093 1121 1130 scelere
1151 1093 1286 1130 dicere.
1344 1092 1437 1131 Non

175 1157 320 1203 dubito,
342 1158 435 1207 quin
464 1157 673 1195 admiratus
704 1159 765 1203 sis,
787 1158 845 1195 vel
876 1158 980 1207 quod
1011 1158 1056 1194 de
1087 1158 1190 1195 nullo
1221 1158 1296 1195 alio
1319 1155 1437 1210 [quis-

175 1220 322 1275 quam],
339 1223 396 1260 vel
413 1223 517 1272 quod
531 1224 572 1269 is,
587 1223 651 1273 qui
673 1224 711 1260 in
732 1224 867 1261 eadem
885 1235 1001 1260 causa
1022 1223 1163 1269 suisset,
1180 1223 1235 1260 vel
1252 1224 1439 1273 quidnam

175 1288 261 1326 novi
283 1285 474 1340 [sceleris]
495 1288 669 1326 adferret.
728 1292 736 1308 ‘
757 1286 910 1326 Scelus'
934 1296 973 1325 tu
993 1288 1086 1325 illud
1107 1301 1234 1334 vocas,
1249 1288 1437 1326 Tubero?

175 1355 268 1391 cur?
317 1354 389 1391 isto
427 1354 530 1391 enim
570 1354 726 1392 nomine
768 1353 831 1391 illa
871 1354 996 1391 adhuc
1029 1366 1145 1392 causa
1176 1354 1304 1391 caruit.
1362 1354 1436 1391 Alii

172 1430 339 1456 errorem
369 1419 572 1468 appellant,
594 1419 655 1456 alii
687 1420 877 1464 timorem,
899 1420 963 1468 qui
989 1419 1129 1465 durius,
1152 1431 1272 1469 spem,
1294 1420 1436 1468 cupidi-

174 1492 300 1529 tatem,
332 1484 476 1529 odium,
507 1485 768 1534 pertinaciam,
799 1485 865 1534 qui
894 1485 1128 1533 gravissime,
1157 1485 1435 1530 temeritatem

174 1549 298 1587 scelus
327 1556 474 1599 praeter
502 1558 537 1587 te
567 1549 692 1587 adhuc
724 1561 852 1587 nemO.
910 1550 969 1587 Ac
989 1550 1082 1586 mihi
1104 1550 1272 1600 quidem,
1294 1551 1324 1588 si
1345 1563 1435 1600 pro-

173 1615 297 1663 prium
340 1622 376 1652 et
414 1627 546 1652 verum
586 1627 732 1652 nomen
781 1615 899 1652 nostri
944 1615 1034 1652 mali
1073 1615 1274 1664 quaeritur,
1314 1615 1436 1652 fatalis

175 1680 367 1729 quaedam
380 1680 577 1717 calamitas
594 1680 770 1717 incidisse
786 1680 931 1717 videtur
946 1687 983 1717 et
998 1680 1219 1729 inprovidas
1234 1681 1435 1718 hominum

174 1753 322 1782 mentes
345 1745 605 1794 occupavisse,
626 1752 666 1782 ut
690 1757 806 1782 nemo
834 1745 960 1782 mirari
984 1745 1121 1783 debeat
1151 1745 1320 1783 humana
1344 1758 1436 1784 con-

115 1817 153 1847 18
175 1811 255 1848 silia
275 1797 401 1848 di'vina
421 1811 649 1848 necessitate
671 1823 752 1848 esse
775 1819 962 1860 superata.
1015 1810 1147 1848 Liceat
1168 1823 1253 1848 esse
1273 1812 1436 1849 miseros

174 1875 426 1925 (quamquam
463 1874 537 1913 hoc
572 1876 713 1913 victore
748 1887 832 1912 esse
867 1888 946 1914 non
984 1888 1211 1925 possumus3
1253 1877 1322 1914 sed
1356 1889 1436 1914 non

173 1941 311 1991 loquor
340 1941 387 1978 de
416 1941 538 1986 nobis,
570 1940 618 1978 de
647 1940 717 1978 illis
746 1940 895 1990 loquor,
926 1941 991 1991 qui
1020 1940 1268 1992 occiderunt),
1296 1942 1436 1979 fuerint

177 2006 317 2055 cupidi,
362 2005 499 2043 fuerint
546 2006 641 2051 irati,
681 2005 821 2043 fuerint
868 2007 1105 2056 pertinace53
1156 2007 1310 2045 sceleris
1343 2020 1435 2045 vero

175 2071 344 2117 crimine,
379 2071 526 2117 suroris,
558 2071 750 2120 parricidii
787 2071 898 2109 liceat
937 2071 1008 2110 Cn.
1044 2072 1232 2121 Pompeio
1269 2081 1434 2117 mortuo,

173 2137 282 2174 liceat
311 2136 439 2174 multis
465 2136 547 2173 aliis
577 2149 714 2174 carere.
773 2136 943 2183 Quando
971 2137 1045 2175 hoc
1075 2137 1279 2188 quisquam
1308 2151 1356 2176 ex
1387 2146 1435 2183 te,

176 2200 328 2248 Caesar,
349 2201 501 2248 audivit,
523 2208 587 2239 aut
615 2209 680 2240 tua
710 2201 802 2252 quid
831 2202 933 2241 aliud
958 2214 1064 2241 arma
1083 2202 1284 2242 voluerunt
1311 2204 1384 2242 nisi
1414 2216 1434 2241 a
