1659 2499
191 71 247 109 40
558 67 613 101 M.
648 67 797 99 TULLI
826 67 1094 100 CICERONIS

131 183 171 214 26
191 172 342 210 stitutos
375 184 459 210 esse
493 172 762 210 meminisset?
830 172 937 219 Quid
977 172 1143 211 deinde?
1184 172 1337 212 furcifer
1374 186 1453 224 quo

189 238 460 287 progreditur?
518 238 581 275 Ait
609 238 682 276 hac
711 239 852 276 laetitia
880 237 1108 276 Deiotarum
1137 238 1280 277 elatum
1299 240 1389 278 vino
1413 251 1454 278 se

189 304 364 341 obruisse
397 304 437 341 in
468 304 721 354 convivioque
763 304 910 341 nudum
950 304 1153 342 saltavisse.
1211 303 1323 350 Quae
1361 317 1454 343 crux

189 368 276 406 huic
315 369 470 419 fugitivo
507 377 632 419 potest
666 370 756 407 satis
787 369 963 418 supplicii
998 369 1172 407 adferre?
1229 369 1454 408 Deiotarum

190 434 392 472 saltantem
422 435 627 485 quisquam
657 442 720 472 aut
739 435 888 472 ebrium
909 435 1000 472 vidit
1030 436 1245 484 umquam?
1304 435 1453 474 Omnes

188 500 226 536 in
247 500 310 538 illo
331 508 418 537 sunt
444 501 570 550 regiae
597 500 766 545 virtutes,
788 500 893 550 quod
921 507 969 546 te,
993 500 1148 546 Caesar,
1170 501 1348 550 ignorare
1373 513 1452 539 non

188 566 359 610 arbitror,
381 566 447 603 sed
467 566 669 615 praecipue
692 566 894 616 singularis
915 573 951 603 et
981 565 1206 603 admiranda
1231 566 1426 616 frugalitas
1443 580 1451 612 ;

188 632 258 668 etsi
297 631 371 669 hoc
410 633 526 669 verbo
567 632 644 668 scio
683 632 828 669 laudari
863 644 993 681 regem
1031 644 1111 669 non
1145 631 1280 670 solere.
1336 632 1452 682 Frugi

188 696 387 734 hominem
409 697 482 734 dici
512 709 592 734 non
613 697 775 734 multum
805 697 918 734 habet
939 697 1060 734 laudis
1090 697 1129 733 in
1156 709 1246 746 rege
1262 709 1271 743 ;
1302 697 1450 742 fortem,

188 762 340 806 iustum,
373 774 557 807 severum,
586 774 754 811 gravem,
783 763 1089 811 magnanimum,
1119 760 1279 811 largum,
1310 763 1452 801 benefi-

188 840 288 873 cum,
319 827 525 872 liberalem,
555 827 626 865 hae
661 835 749 865 sunt
779 828 906 876 regiae
940 827 1081 871 laudes,
1116 827 1178 864 illa
1209 828 1356 877 privata
1385 836 1452 866 est.

188 892 241 929 Ut
261 893 361 930 volet
380 893 554 942 quisque,
575 894 760 943 accipiat;
790 906 864 943 ego
885 901 1014 930 tamen
1043 893 1308 942 frugalitatem,
1329 893 1368 930 id
1394 900 1451 931 est

187 958 418 995 modestiam
449 966 486 995 et
515 959 818 1008 temperantiam,
857 959 1030 996 virtutem
1065 959 1277 995 maximam
1310 959 1448 996 iudico.

189 1023 300 1060 Haec
335 1024 374 1060 in
408 1023 472 1060 illo
503 1031 560 1061 est
595 1025 643 1061 ab
673 1025 828 1061 ineunte
858 1031 981 1062 aetate
1011 1036 1100 1061 cum
1129 1037 1151 1061 a
1179 1031 1318 1061 cuncta
1346 1024 1452 1069 Asia,

187 1101 275 1126 cum
296 1101 318 1126 a
347 1090 632 1138 magistratibus
662 1089 873 1140 legatisque
904 1090 1053 1135 nostris,
1077 1097 1157 1127 tum
1179 1090 1228 1127 ab
1257 1090 1451 1140 equitibus

188 1153 387 1200 Romanis,
409 1155 473 1204 qui
496 1155 532 1191 in
554 1155 645 1192 Asia
670 1156 852 1204 negotiati
876 1163 974 1201 sunt,
997 1162 1195 1205 perspecta
1223 1163 1260 1193 et
1287 1156 1453 1205 cognita.

152 1224 166 1231 “
190 1219 322 1256 Multis
343 1219 402 1257 ille
422 1221 577 1269 quidem
599 1221 782 1270 gradibus
803 1221 1016 1258 officiorum
1038 1234 1129 1270 erga
1151 1234 1231 1259 rem
1259 1222 1451 1271 publicam

188 1292 359 1323 nostram
399 1286 448 1323 ad
486 1285 561 1324 hoc
603 1287 749 1336 regium
789 1299 931 1325 nomen
975 1286 1170 1333 ascendit;
1211 1287 1278 1324 sed
1310 1294 1451 1333 tamen,

187 1351 369 1401 quicquid
394 1363 416 1388 a
440 1351 548 1389 bellis
572 1352 706 1402 populi
732 1352 900 1390 Romani
927 1353 1097 1398 vacabat,
1119 1364 1209 1389 cum
1231 1351 1452 1390 hominibus

186 1417 324 1454 nostris
346 1417 654 1463 consuetudines,
677 1419 873 1464 amicitias,
896 1430 956 1456 res
984 1418 1227 1467 rationesque
1255 1418 1450 1467 iungebat,

186 1489 226 1518 ut
246 1494 324 1519 non
356 1483 478 1520 solum
500 1483 707 1520 tetrarches
737 1483 887 1529 nobilis,
910 1483 977 1521 sed
1007 1483 1120 1521 etiam
1146 1484 1315 1532 optimus
1345 1491 1452 1534 pater

186 1547 348 1584 familias
371 1556 407 1585 et
428 1548 742 1597 diligentissimus
772 1548 940 1598 agricola
961 1555 998 1586 et
1019 1549 1220 1598 pecuarius
1240 1548 1452 1587 haberetur.

187 1612 264 1659 Qui
286 1613 399 1662 igitur
420 1613 646 1651 adulescens
667 1614 843 1652 nondum
865 1621 970 1651 tanta
996 1613 1118 1663 gloria
1137 1613 1329 1663 praeditus
1356 1614 1451 1652 nihil

186 1689 371 1727 umquam
420 1678 492 1715 nisi
541 1679 776 1716 severissime
815 1686 851 1717 et
889 1679 1112 1728 gravissime
1151 1679 1289 1724 fecerit,
1327 1679 1358 1716 is
1406 1691 1451 1716 ea

185 1742 464 1781 existimatione
485 1756 609 1794 eaque
630 1751 752 1782 aetate
774 1744 944 1782 saltavit?

186 1876 424 1912 Apostrophe
446 1879 487 1906 to
509 1877 640 1907 Castor
663 1878 720 1916 (ἐξ
749 1876 880 1917 28-33).
929 1878 936 1892 ‘
956 1876 1041 1907 Well
1058 1875 1172 1917 ifyou
1195 1877 1348 1908 imitated
1360 1887 1452 1917 your

268 1929 492 1970 grandfather
516 1931 646 1962 instead
665 1931 704 1972 of
712 1931 908 1972 slandering
927 1930 997 1962 him
1021 1931 1059 1971 by
1074 1942 1094 1961 a
1115 1935 1235 1962 truant
1250 1931 1362 1962 slave!
1406 1932 1451 1962 In

274 1985 328 2016 tlte
349 1991 442 2027 camp
458 1986 498 2027 of
506 1987 680 2027 Pompeius
703 1998 752 2017 we
775 1987 856 2017 used
875 1992 905 2018 to
929 1987 1057 2017 admire
1080 1987 1133 2018 tlte
1154 1987 1256 2028 spirit
1277 1987 1376 2028 oftlce
1399 1988 1455 2019 old

275 2050 366 2078 man,
384 2040 456 2071 who
472 2040 541 2071 had
552 2045 583 2071 to
606 2041 641 2071 be
658 2041 758 2082 lifted
777 2041 846 2072 into
868 2041 922 2072 tlze
944 2041 1064 2072 saddle.
1121 2042 1194 2072 But
1201 2052 1271 2081 you
1289 2041 1420 2073 shewed
1431 2053 1452 2073 a

273 2094 339 2125 like
368 2094 494 2126 ardoztr
530 2096 567 2126 in
598 2096 651 2126 the
681 2095 862 2136 Pompez'an
892 2106 997 2133 cause,
1027 2105 1106 2126 even
1137 2095 1227 2137 after
1255 2097 1450 2128 Pharsalus.

274 2149 422 2189 Scarcely
434 2149 487 2180 the
499 2149 591 2190 rzgrlzt
603 2160 681 2180 man
695 2153 725 2180 to
735 2159 844 2180 accuse
853 2149 1035 2180 Deiotarus
1046 2149 1211 2191 ofloyalty
1221 2155 1251 2181 to
1258 2151 1452 2192 Pompeius!

276 2204 308 2246 (ξ
327 2205 381 2246 30)
408 2206 474 2236 J'ou
489 2205 561 2236 and
568 2215 656 2242 your
659 2204 790 2246 family
806 2215 889 2237 were
900 2205 992 2236 made
1004 2205 1042 2246 by
1055 2206 1245 2238 Deiotarus.
1291 2207 1377 2238 And
1381 2217 1450 2248 you
