1659 2499
250 78 345 110 PRO
376 52 523 109 REGE'
546 77 805 109 DEIOTARO
839 77 1034 110 ORATIO.
1096 69 1142 123 §§
1174 80 1327 124 30-34.
1379 81 1434 122 43

172 183 382 221 clarissimo
404 183 494 230 viro,
517 183 582 233 qui
603 190 682 220 tum
710 196 801 221 casu
823 183 927 233 apud
959 182 1174 221 Domitium
1202 183 1377 227 cenabat,
1399 189 1435 219 et

170 248 245 287 hoc
267 248 316 286 T.
338 248 551 299 Torquato,
577 250 728 299 optimo
749 248 1004 295 adulescente,
1026 260 1065 285 se
1092 260 1114 285 a
1139 255 1174 285 te
1195 254 1434 297 corruptum,

170 314 244 351 tuis
264 315 462 363 promissis
484 314 522 351 in
542 313 715 352 fraudem
737 314 932 364 inpulsum
957 326 1042 352 esse
1063 312 1263 351 consessus
1283 313 1366 350 est?

227 378 302 414 12.
335 379 447 427 Quae
481 387 536 418 est
574 380 645 418 ista
685 389 762 418 tam
797 381 1000 430 impotens,
1038 388 1115 417 tam
1149 378 1323 425 crudelis,
1356 385 1434 414 tam

170 445 412 483 inmoderata
431 445 720 483 inhumanitas?
778 445 928 484 Idcirco
949 446 987 482 in
1012 445 1112 483 hanc
1132 446 1266 482 urbem
1287 444 1433 489 venisti,

169 519 209 548 ut
229 510 342 548 huius
365 511 469 548 urbis
490 512 571 548 iura
591 518 628 549 et
647 511 826 561 exempla
853 523 1116 560 corrumperes
1143 510 1434 559 domesticaque

169 576 404 614 immanitate
426 584 578 615 nostrae
599 577 758 614 civitatis
782 577 1058 614 humanitatem
1079 575 1325 626 inquinares?

169 726 375 763 Resuming
391 727 488 758 from
506 728 522 763 §
544 732 582 766 27
602 728 657 767 (ἐξ
678 735 728 766 33,
748 725 814 766 34).
853 726 1072 764 ‘Blesamz'us,
1085 735 1143 757 one
1158 724 1199 766 of
1208 724 1259 756 the
1282 723 1433 764 cmbassy,

256 785 355 811 wrote
370 785 401 812 to
420 781 614 820 Deiotarus,
637 781 709 812 that
733 782 855 812 Caesar
869 791 938 811 was
961 779 1149 811 considered
1163 790 1183 810 a
1199 782 1315 819 tyrant
1324 789 1338 816 ,·
1361 778 1435 808 that

255 835 309 866 tlte
325 836 466 877 placing
487 836 527 878 of
542 836 595 867 lzz's
616 840 721 867 statue
744 846 866 876 among
885 836 973 867 tlzose
998 836 1039 877 of
1053 836 1107 867 tlte
1130 835 1226 875 kz'ngs
1249 834 1318 864 had
1332 834 1434 874 given

250 891 390 931 general
409 891 524 933 offi'nce
535 901 550 929 ;
573 891 644 921 and
662 891 734 921 that
754 891 793 921 lre
814 901 883 921 was
906 895 962 920 not
982 889 1169 931 applauded
1188 894 1224 920 at
1238 889 1291 920 the
1301 886 1434 930 ganzes?

261 946 294 976 Τ
289 945 328 977 he
353 946 417 976 idle
439 947 532 977 tattle
554 945 594 986 (ff
608 945 661 976 tlte
688 945 802 976 town!
846 947 876 976 A
903 949 1018 985 tyrant
1040 945 1152 976 would
1172 945 1254 975 have
1281 944 1361 974 used
1381 943 1435 973 his

255 1000 381 1042 victory
402 1011 480 1041 vety
502 1000 700 1042 dzfffrently.
747 1000 861 1040 Agaz'u
887 999 963 1040 why
981 1000 1108 1040 gruassge
1130 999 1200 1030 him
1224 999 1278 1030 lzis
1300 1002 1433 1035 statues,

255 1065 322 1095 any
353 1066 439 1086 more
464 1056 546 1086 than
578 1055 631 1086 his
657 1054 799 1096 trophz'cs
813 1054 828 1085 .?
883 1058 932 1085 As
957 1059 988 1085 to
1014 1055 1190 1095 applause:
1226 1055 1347 1085 Caesar
1371 1063 1432 1083 cau

254 1110 379 1150 always
396 1110 541 1152 dispense
557 1110 638 1140 with
657 1110 695 1141 z't.

223 1233 273 1270 At
297 1245 413 1282 quam
441 1240 550 1270 acute
579 1232 740 1270 collecta
768 1232 951 1270 crimina!
1011 1229 1274 1276 ‘Blesamius,'
1296 1231 1429 1280 inquit,

168 1298 267 1349 (eius
289 1299 393 1336 enim
420 1300 589 1345 nomine,
612 1298 745 1348 optimi
765 1298 830 1335 viri
852 1310 924 1335 nec
947 1297 1014 1335 tibi
1044 1297 1177 1347 ignoti,
1199 1296 1300 1334 male
1328 1297 1430 1334 dice-

169 1365 234 1401 bat
267 1363 353 1414 tibi)
386 1364 456 1401 ‘ad
487 1376 619 1413 regem
652 1364 815 1401 scribere
847 1363 994 1400 solebat
1032 1369 1068 1400 te
1098 1363 1136 1399 in
1166 1362 1306 1399 invidia
1335 1374 1429 1408 esse,

167 1438 374 1479 tyrannum
413 1429 631 1475 existimari,
671 1436 795 1466 statua
832 1429 928 1466 inter
968 1441 1079 1477 reges
1120 1428 1244 1478 posita
1281 1427 1431 1465 animos

167 1495 369 1533 hominum
398 1494 642 1532 vehementer
679 1494 858 1540 offensos,
899 1494 1029 1543 plaudi
1066 1494 1133 1531 tibi
1170 1506 1251 1531 non
1286 1491 1430 1531 solere.'

169 1560 312 1598 Nonne
346 1560 544 1609 intellegis,
579 1559 735 1606 Caesar,
769 1572 816 1597 ex
856 1560 1011 1597 urbanis
1045 1559 1314 1598 malivolorum
1353 1570 1429 1595 ser-

168 1626 357 1663 munculis
371 1625 467 1663 haec
482 1626 530 1663 ab
551 1625 629 1663 istis
648 1637 731 1663 esse
748 1625 937 1663 collecta?
994 1625 1208 1663 Blesamius
1225 1633 1430 1673 tyrannum

168 1690 374 1729 Caesarem
414 1691 619 1728 scriberet?
697 1690 913 1728 Multorum
962 1691 1066 1728 enim
1116 1690 1242 1740 capita
1290 1690 1430 1728 civium

167 1757 321 1802 viderat,
345 1756 487 1794 multos
507 1756 611 1794 iussu
633 1756 808 1794 Caesaris
829 1763 998 1802 vexatos,
1014 1756 1241 1802 verberatos,
1259 1761 1428 1800 necatos,

168 1822 306 1859 multas
326 1821 484 1859 afflictas
513 1828 550 1858 et
575 1834 726 1859 eversas
753 1821 903 1868 domos,
924 1822 1080 1859 armatis
1104 1821 1283 1858 militibus
1314 1820 1428 1858 refer-

168 1895 249 1924 tum
270 1886 409 1924 forum.
468 1886 580 1933 Quae
611 1899 762 1937 semper
788 1887 828 1924 in
857 1887 956 1925 civili
986 1887 1141 1924 victoria
1162 1887 1362 1932 sensimus,
1383 1898 1429 1923 ea

168 1961 204 1989 te
236 1953 378 1990 victore
413 1965 491 1990 non
523 1953 698 1990 vidimus.
758 1952 879 2000 Solus,
912 1953 1084 2003 inquam,
1116 1964 1168 1999 es,
1199 1951 1243 1990 C.
1273 1951 1428 1997 Caesar,

167 2018 276 2055 cuius
305 2018 345 2054 in
364 2018 519 2056 victoria
548 2019 726 2056 ceciderit
746 2030 860 2055 nemo
890 2019 961 2072 nisi
991 2025 1168 2055 armatus.
1225 2017 1287 2063 Et,
1310 2029 1427 2067 quem

169 2095 241 2120 nos
269 2083 388 2130 liberi,
419 2084 458 2120 in
488 2096 638 2121 summa
672 2084 805 2134 populi
837 2083 1006 2121 Romani
1036 2084 1209 2121 libertate
1239 2083 1317 2120 nati
1347 2095 1427 2120 non

167 2149 288 2186 modo
309 2161 388 2187 non
408 2156 626 2198 tyrannum,
649 2149 717 2187 sed
738 2149 853 2186 etiam
865 2149 1204 2187 clementissimum
1219 2149 1257 2186 in
1271 2148 1429 2186 victoria

168 2214 309 2252 ducem
334 2214 509 2261 vidimus,
532 2214 563 2252 is
592 2213 796 2261 Blesamio,
818 2216 884 2265 qui
910 2215 996 2252 vivit
1025 2215 1063 2252 in
1087 2226 1220 2265 regno,
1243 2221 1428 2263 tyrannus

1451 1236 1492 1267 33

1447 1959 1487 1990 34
