1659 2499
219 103 270 130 10
580 101 633 133 M.
669 101 817 133 TULLI
847 102 1115 134 CICERONIS

213 206 472 244 maximorum
502 219 673 256 operum,
693 215 733 244 ut
760 207 1013 246 fundamenta
1038 208 1223 255 nondum,
1246 221 1345 259 quae
1372 209 1473 259 cogi-

214 280 282 318 tas,
315 271 459 310 ieceris.
521 266 597 310 Hic
630 280 670 310 tu
708 272 868 311 modum
894 274 1004 321 ‘vitae
1035 280 1123 311 tuae
1157 286 1237 311 non
1271 274 1391 312 salute
1423 273 1474 311 rei

213 336 397 386 publicae,
430 337 497 374 sed
529 325 1068 387 aequitate'anirni'definies
1083 339 1105 376 i·⁴
1154 335 1270 386 Quid,
1308 340 1338 377 si
1376 338 1473 377 istud

214 414 262 439 ne
283 402 427 451 gloriae
450 399 572 454 [tuae]
605 403 759 452 quidem
789 403 878 441 satis
908 404 993 441 est?
1023 404 1131 441 cuius
1160 412 1195 442 te
1225 416 1310 442 esse
1339 403 1475 441 avidis-

153 474 194 504 26
214 467 364 514 simum,
405 469 580 517 quamvis
618 469 669 506 sis
708 468 873 517 sapiens,
907 481 987 506 non
1027 469 1199 519 negabis.
1257 469 1473 507 ‘Parumne

214 530 348 582 igitur‚'
373 532 533 583 inquies,
555 536 563 552 ‘
580 545 723 582 magna
752 532 1058 584 relinquemus?'
1116 534 1244 572 Immo
1274 546 1363 572 vero
1394 532 1476 570 aliis

213 598 386 648 quamvis
407 598 534 635 multis
556 599 658 644 satis,
678 599 744 636 tibi
768 599 834 636 uni
858 611 1005 649 parurn.
1063 598 1259 649 Quicquid
1280 606 1335 636 est
1359 599 1475 646 enim,

213 663 387 714 quamvis
416 663 589 712 amplum
619 664 678 709 sit,
700 664 737 701 id
768 672 824 702 est
852 676 990 713 parum
1019 670 1113 711 tum,
1135 677 1222 702 cum
1244 672 1301 702 est
1328 663 1474 714 aliquid

213 727 385 778 amplius.
445 728 596 774 Quodsi
626 741 752 766 rerum
780 737 930 766 tuarum
960 730 1232 776 inmortalium,
1255 730 1298 767 C.
1320 729 1474 774 Caesar,

213 793 273 831 hic
302 794 424 831 exitus
453 794 600 831 futurus
629 794 708 841 fuit,
730 803 771 832 ut
801 795 957 833 devictis
986 795 1211 833 adversariis
1240 808 1321 832 rem
1350 793 1473 844 publi·

214 872 300 897 cam
339 860 377 896 in
415 872 462 897 eo
505 867 603 897 statu
649 860 892 910 relinqueres,
933 861 971 898 in
1011 873 1088 910 quo
1128 873 1230 899 nunc
1270 867 1338 905 est,
1378 859 1474 906 vide,

215 937 370 974 quaeso
392 937 439 963 ne
461 933 524 962 tua
545 925 672 962 divina
692 926 807 963 virtus
828 926 1091 964 admirationis
1117 926 1204 975 plus
1231 927 1277 963 sit
1302 925 1477 967 habitura

214 1002 331 1040 quam
360 990 516 1039 gloriae.
548 991 737 1040 siquidem
767 991 889 1040 gloria
917 998 973 1029 est
1003 991 1170 1028 inlustris
1199 1003 1242 1028 ac
1274 975 1502 1040 pervagata⁴

213 1068 443 1105 magnorum
473 1056 529 1093 vel
559 1056 597 1092 in
627 1069 717 1094 suos
747 1057 846 1094 cives
867 1056 924 1094 vel
954 1057 992 1093 in
1021 1057 1184 1106 patriam
1205 1055 1263 1094 vel
1292 1056 1331 1093 in
1360 1067 1478 1093 omne

214 1133 335 1170 genus
356 1120 556 1159 hominum
578 1120 679 1158 fama
701 1122 936 1160 meritorum.
962 1164 1001 1182 0¹

155 1196 195 1229 27
269 1185 312 1221 9.
345 1186 455 1224 Haec
487 1187 598 1236 igitur
627 1187 693 1224 tibi
723 1187 869 1236 reliqua
897 1199 985 1236 pars
1015 1194 1084 1232 est,
1116 1186 1176 1224 hic
1210 1193 1325 1224 restat
1358 1194 1478 1232 actus,

215 1252 251 1288 in
291 1251 365 1289 hoc
404 1251 684 1289 elaborandum
721 1259 787 1299 est,
830 1260 982 1289 utrem
1022 1252 1217 1302 publicam
1255 1251 1478 1296 constituas,

216 1329 336 1367 eaque
375 1325 414 1355 tu
454 1318 492 1354 in
530 1318 661 1367 primis
699 1329 853 1355 summa
890 1318 1159 1368 tranquillitate
1198 1325 1235 1354 et
1273 1318 1352 1355 otio
1391 1329 1477 1366 per-

216 1382 364 1429 fruare;
405 1390 487 1420 tum
526 1391 571 1428 te,
604 1384 633 1419 si
668 1382 784 1429 voles,
826 1394 915 1420 cum
949 1391 986 1420 et
1017 1383 1171 1432 patriae,
1201 1382 1307 1432 quod
1347 1382 1478 1428 debes,

217 1449 372 1486 solveris
407 1456 443 1486 et
474 1456 649 1485 naturam
689 1449 813 1498 ipsam
853 1448 1066 1497 expleveris
1106 1448 1275 1485 satietate
1313 1447 1477 1492 vivendi,

217 1513 306 1550 satis
327 1513 390 1550 diu
411 1514 547 1551 vixisse
566 1513 694 1551 dicito.
752 1513 855 1559 Quid
875 1513 979 1550 enim
1000 1520 1056 1550 est
1076 1513 1236 1550 omnino
1256 1512 1330 1550 hoc
1352 1513 1479 1562 ipsum

217 1578 293 1624 diu,
328 1580 367 1615 in
401 1591 478 1628 quo
510 1585 567 1616 est
599 1578 741 1628 aliquid
779 1569 1021 1615 extremum?
1079 1577 1200 1625 Quod
1238 1590 1326 1615 cum
1365 1578 1479 1623 venit,

216 1644 344 1681 omnis
364 1644 538 1693 voluptas
558 1644 757 1694 praeterita
778 1656 848 1693 pro
870 1643 988 1680 nihilo
1018 1650 1085 1689 est,
1105 1643 1196 1692 quia
1215 1649 1351 1692 postea
1374 1642 1479 1679 nulla

216 1716 272 1746 est
301 1708 434 1746 futura.
493 1691 742 1758 Quamquam
775 1709 844 1746 iste
874 1716 960 1745 tuus
991 1709 1142 1745 animus
1174 1720 1387 1757 numquam
1421 1708 1480 1745 his

216 1773 411 1823 angustiis,
432 1785 526 1823 quas
547 1782 680 1810 natura
706 1774 817 1810 nobis
844 1773 893 1810 ad
913 1773 1115 1810 vivendum
1138 1773 1253 1819 dedit,
1275 1779 1480 1825 contentus
1501 1817 1508 1831 Ι
1541 1815 1547 1829 Ι

1353 1825 1358 1835 =
1410 1819 1430 1845 (2

157 1848 197 1878 28
217 1838 295 1885 fuit,
331 1850 484 1888 semper
518 1838 799 1891 inmortalitatis
837 1851 968 1876 amore
1008 1838 1191 1888 flagravit.
1268 1827 1367 1876 Nec‘
1391 1850 1480 1876 vero
1532 1830 1537 1833 ⁷
1567 1831 1572 1834 ⁴

215 1904 310 1942 haec
331 1911 396 1941 tua
414 1904 488 1941 vita
509 1893 684 1942 ducenda
705 1911 772 1950 est,
796 1916 893 1954 quae
914 1916 1076 1953 corpore
1098 1910 1134 1941 et
1154 1903 1285 1953 spiritu
1306 1904 1480 1942 contine·

217 1978 301 2016 tur;
331 1969 403 2015 illa,
424 1969 594 2019 inquam,
618 1969 680 2006 illa
709 1969 782 2006 vita
811 1976 867 2006 est
896 1976 974 2016 tua,
995 1982 1094 2018 quae
1123 1969 1264 2018 vigebit
1293 1969 1480 2007 memoria

218 2034 458 2072 saeculorum
497 2034 682 2079 omnium,
723 2046 840 2084 quam
879 2034 1076 2083 posteritas
1114 2034 1198 2086 alet,
1240 2046 1358 2084 quam
1397 2034 1480 2084 ipsa

217 2099 417 2137 aeternitas
453 2112 603 2148 semper
634 2099 809 2136 tuebitur.
868 2099 970 2137 Huic
1008 2106 1065 2152 tul,
1087 2087 1279 2145 inservias,
1319 2098 1405 2136 huic
1445 2107 1479 2136 te

219 2172 389 2213 ostentes
415 2170 579 2214 oportet,
601 2176 697 2213 quae
727 2164 894 2215 quidem,
915 2177 1013 2214 quae
1042 2161 1208 2211 iniretur,
1229 2165 1306 2201 iam
1333 2164 1479 2214 pridem

219 2229 338 2267 multa
372 2229 485 2267 habet
501 2241 510 2275 ;
541 2242 643 2267 nunc
675 2230 801 2275 etiam,
834 2241 932 2279 quae
962 2229 1102 2276 laudet,
1131 2236 1339 2280 exspectat.
1358 2228 1480 2296 ssOb-
