1659 2499
243 108 337 140 PRO
369 107 508 139 REGE
538 107 795 140 DEIOTARO
828 108 1021 141 ORATIO.
1084 100 1130 155 ξξ
1162 100 1316 155 38-43.
1361 110 1413 152 47

151 214 369 259 timuerunt,
410 219 597 251 retentum
632 226 720 251 vero
759 221 796 252 et
827 227 848 251 a
882 221 916 252 te
948 213 1217 252 confirmatum
1250 214 1414 264 posteris

151 280 266 318 etiam
287 279 363 316 suis
393 279 594 317 tradituros
621 291 660 316 se
685 291 767 316 esse
789 279 999 316 confidunt.
1057 279 1231 328 Corpora
1250 291 1318 316 sua
1346 292 1416 329 pro

151 344 272 383 salute
294 356 428 394 regum
449 356 606 382 suorum
629 344 665 381 hi
687 344 800 394 legati
822 345 887 381 tibi
910 345 1001 394 regii
1024 345 1187 390 tradunt,
1214 345 1354 382 Hieras
1377 352 1413 382 et

154 410 366 448 Blesamius
397 417 433 447 et
462 410 692 459 Antigonus,
724 410 789 447 tibi
819 411 1007 460 nobisque
1038 410 1218 447 omnibus
1247 410 1322 447 iam
1353 410 1416 446 diu

153 476 243 521 noti,
279 475 491 525 eademque
528 475 600 513 fide
638 483 675 513 et
708 475 843 512 virtute
883 475 1076 525 praeditus
1116 475 1317 525 Dorylaus,
1352 476 1417 525 qui

154 554 274 591 nuper
303 553 391 579 cum
424 540 544 578 Hiera
575 541 721 591 legatus
750 547 806 578 est
835 541 883 578 ad
917 548 953 578 te
982 541 1134 586 missus,
1164 553 1252 578 cum
1283 553 1416 590 regum

153 607 385 651 amicissimi,
407 613 486 644 tum
514 607 581 643 tibi
603 606 728 652 etiam,
750 613 789 643 ut
818 618 941 656 spero,
964 606 1122 655 probati.
1180 606 1349 656 Exquire
1369 605 1416 643 de
1437 614 1476 644 42

154 678 360 723 Blesamio,
394 691 485 715 num
519 677 610 727 quid
645 678 695 715 ad
729 690 857 727 regem
891 685 1026 715 contra
1058 677 1283 726 dignitatem
1313 684 1417 715 tuam

155 744 356 793 scripserit.
415 743 556 781 Hieras
594 743 750 792 quidem
790 755 946 781 causam
990 755 1147 781 omnem
1187 743 1344 792 suscipit
1381 751 1418 780 et

155 809 376 847 criminibus
405 809 475 846 illis
504 821 575 858 pro
604 821 692 857 rege
722 821 762 846 se
793 809 974 858 supponit
1003 820 1122 846 reum.
1181 807 1417 845 Memoriam

155 882 259 913 tuam
288 874 476 924 implorat,
507 886 584 923 qua
618 874 719 912 vales
753 874 981 923 plurimum;
1014 880 1130 923 negat
1160 885 1347 923 umquam
1379 885 1418 910 se

156 952 179 977 a
207 947 242 978 te
272 940 312 977 in
341 939 510 977 Deiotari
547 940 746 977 tetrarchia
775 939 913 988 pedem
944 939 1189 984 discessisse;
1219 939 1258 976 in
1286 939 1419 988 primis

156 1006 296 1043 finibus
316 1006 382 1043 tibi
404 1017 444 1043 se
465 1011 619 1054 praesto
647 1005 761 1042 fuisse
783 1005 884 1050 dicit,
906 1016 1027 1054 usque
1048 1004 1096 1041 ad
1116 1004 1269 1042 ultimos
1289 1015 1419 1053 prose-

156 1080 309 1117 cutum;
341 1083 429 1109 cum
459 1083 479 1108 e
508 1071 648 1108 balneo
678 1070 834 1115 exisses,
863 1078 989 1107 tecum
1020 1082 1059 1106 se
1090 1069 1216 1114 fuisse,
1241 1081 1329 1107 cum
1357 1069 1419 1106 illa

158 1149 316 1175 munera
338 1137 569 1186 inspexisses
593 1143 762 1181 cenatus,
783 1147 871 1172 cum
898 1135 936 1171 in
963 1134 1138 1172 cubiculo
1167 1135 1418 1180 recubuisses‚

158 1202 399 1251 eandemque
449 1201 714 1239 adsiduitatem
765 1200 830 1237 tibi
871 1212 912 1237 se
964 1199 1184 1249 praebuisse
1222 1199 1417 1248 postridie.

159 1267 288 1314 Quam
318 1268 369 1305 ob
390 1279 482 1313 rem,
505 1267 536 1305 si
564 1267 656 1316 quid
679 1278 825 1310 eorum,
846 1278 946 1315 quae
975 1266 1124 1302 obiecta
1155 1272 1254 1310 sunt,
1275 1265 1419 1314 cogita·
1439 1277 1478 1307 43

158 1341 239 1372 tum
259 1334 316 1379 sit,
338 1345 416 1370 non
436 1339 595 1378 recusat,
616 1332 709 1382 quin
730 1332 767 1369 id
788 1343 899 1369 suum
924 1330 1069 1368 facinus
1099 1330 1253 1368 iudices.
1311 1330 1420 1377 Quo-

158 1399 270 1445 circa,
293 1399 337 1437 C.
358 1398 512 1445 Caesar,
534 1397 646 1436 velim
666 1397 860 1434 existimes
890 1396 1077 1433 hodierno
1104 1396 1164 1432 die
1191 1397 1419 1433 sententiam

159 1472 264 1503 tuam
294 1471 358 1502 aut
388 1477 478 1502 cum
507 1475 661 1501 summo
691 1462 881 1500 dedecore
911 1461 1164 1499 miserrimam
1197 1468 1343 1510 pestem
1363 1462 1419 1498 in-

158 1537 395 1580 portaturam
433 1541 515 1567 esse
562 1529 716 1577 regibus
755 1535 821 1565 aut
867 1527 1103 1564 incolumem
1150 1526 1293 1564 famam
1331 1539 1420 1565 cum

159 1596 304 1643 salute;
344 1607 510 1646 quorum
539 1595 701 1632 alterum
733 1601 866 1643 optare
900 1592 1052 1630 illorum
1086 1593 1318 1630 crudelitatis
1351 1599 1418 1637 est,

160 1663 321 1700 alterum
343 1673 568 1700 conservare
590 1660 813 1698 clementiae
835 1667 932 1696 tuae.
