1659 2499
131 188 171 218 10

124 906 162 935 11

192 63 243 103 18
557 71 610 103 M.
645 71 794 103 TULLJ
823 72 1089 104 CICERONIS

242 180 288 215 4.
318 177 425 224 Quid
455 183 584 216 autem
619 177 722 215 aliud
751 178 914 227 egimus,
946 178 1119 224 Tubero,
1149 179 1222 216 nisi
1255 186 1308 224 ut,
1346 178 1452 228 quod

188 242 250 280 hic
283 251 420 292 potest,
455 255 528 280 nos
566 244 794 292 possemus?
863 243 1042 290 Quorum
1082 245 1196 293 igitur
1234 244 1451 293 impunitas,

189 308 344 353 Caesar,
365 316 451 346 tuae
472 308 698 346 clementiae
719 309 802 347 laus
823 316 889 354 est,
904 321 1038 346 eorum
1058 310 1229 358 ipsorum
1250 310 1299 347 ad
1319 309 1452 347 crude-

187 374 330 412 litatem
365 381 401 411 te
433 381 542 412 acuet
573 374 721 412 oratio?
780 375 906 424 Atque
936 375 973 411 in
1004 375 1075 412 hac
1105 387 1222 412 causa
1250 387 1330 412 non
1360 374 1451 412 nihil

188 440 378 489 equidem,
404 439 573 485 Tubero,
599 441 716 477 etiam
737 447 854 485 tuam,
877 439 945 477 sed
967 440 1088 478 multo
1112 441 1234 489 magis
1260 440 1378 489 patris
1398 440 1452 477 tui

189 505 431 554 prudentiam
453 505 640 550 desidero,
663 505 768 554 quod
791 505 912 542 homo
933 517 1021 542 cum
1041 506 1207 554 ingenio.
1227 513 1308 543 tum
1336 506 1450 543 etiam

189 570 365 608 doctrina
402 570 607 614 excellens,
638 582 761 619 genus
799 570 874 607 hoc
914 583 1052 608 causae
1087 571 1192 620 quod
1225 577 1336 617 esset,
1372 583 1452 608 non

189 635 331 673 viderit.
388 634 501 680 Nam,
525 635 555 672 si
577 635 741 681 vidisset,
760 636 895 685 quovis
915 636 1084 685 profecto
1105 649 1222 686 quam
1242 637 1314 674 isto
1333 635 1452 673 modo

191 713 214 738 a
234 708 269 738 te
290 701 352 749 agi
372 700 577 737 maluisset.

244 766 385 814 Arguis
419 764 612 802 fatentem.
680 764 772 802 Non
811 772 868 803 est
906 766 1023 813 satis;
1065 767 1222 804 accusas
1253 778 1353 811 eum,
1388 767 1453 816 qui

192 842 350 868 causam
380 830 495 867 habet
525 837 600 875 aut,
622 836 662 866 ut
683 842 758 878 ego
779 829 878 876 dico,
898 831 1094 868 meliorem
1115 843 1232 881 quam
1254 839 1293 868 tu
1314 839 1391 874 aut,
1412 839 1453 868 ut

192 903 233 934 tu
256 897 320 941 vis,
339 908 481 945 parem.
539 895 650 932 Haec
679 895 926 941 admirabilia,
949 895 1015 933 sed
1042 896 1205 945 prodigii
1235 896 1353 934 simile
1384 904 1453 942 est,

193 961 296 1011 quod
326 962 460 999 dicam.
521 960 612 998 Non
641 960 755 998 habet
783 974 868 999 eam
898 963 973 999 vim
1003 962 1073 999 ista
1101 962 1306 1004 accusatio,
1332 969 1373 998 ut
1402 961 1452 1008 Q.

192 1026 370 1077 Ligarius
404 1026 694 1070 condemnetur,
725 1026 792 1064 sed
821 1035 860 1064 ut
890 1035 1054 1065 necetur.
1126 1028 1216 1065 Hoc
1250 1028 1328 1076 egit
1361 1027 1453 1065 civis

194 1092 398 1130 Romanus
431 1100 518 1130 ante
549 1100 584 1129 te
619 1104 760 1138 nemo;
801 1093 947 1130 externi
980 1094 1037 1131 isti
1069 1105 1195 1131 mores
1233 1090 1372 1145 [usque
1406 1092 1455 1130 ad

194 1159 420 1208 sanguinem
442 1158 587 1195 incitari
607 1158 730 1196 solent
750 1155 859 1210 odio]
881 1166 946 1196 aut
965 1159 1103 1196 levium
1132 1158 1370 1196 Graecorum
1391 1168 1456 1196 aut

194 1224 407 1261 inmanium
432 1224 693 1260 barbarorum.
751 1223 854 1260 Nam
885 1224 976 1273 quid
1006 1225 1088 1273 agis
1116 1224 1246 1262 aliud?
1305 1224 1455 1262 Romae

194 1298 242 1323 ne
264 1288 320 1331 sit,
342 1293 383 1323 ut
405 1286 523 1324 domo
543 1294 680 1331 careat,
701 1298 749 1323 ne
780 1299 867 1324 cum
897 1287 1051 1335 optimis
1080 1287 1265 1332 fratribus,
1287 1299 1335 1324 ne
1365 1299 1455 1325 curn

194 1352 268 1390 hoc
298 1351 348 1389 T.
377 1351 556 1389 Broccho
585 1351 784 1397 avunculo,
806 1364 855 1389 ne
884 1364 974 1389 cum
1003 1352 1083 1389 eius
1113 1352 1190 1390 filio
1219 1352 1455 1390 consobrino

195 1429 278 1463 suo,
299 1430 347 1455 ne
377 1418 579 1455 nobiscum
602 1418 709 1463 vivat,
732 1430 779 1454 ne
801 1417 846 1454 sit
866 1417 905 1454 in
930 1417 1079 1467 patria?
1138 1416 1244 1455 Num
1273 1424 1339 1464 est,
1362 1428 1455 1454 num

194 1489 321 1531 potest
359 1482 483 1532 magis
523 1494 648 1519 carere
687 1482 745 1520 his
783 1483 973 1527 omnibus,
1006 1495 1124 1532 quam
1161 1484 1289 1520 caret?
1347 1482 1455 1520 Italia

195 1547 430 1597 prohibetur,
451 1547 589 1585 exulat.
648 1546 740 1585 Non
761 1554 800 1584 tu
820 1559 914 1595 ergo
934 1548 1034 1585 hunc
1055 1548 1176 1597 patria
1199 1548 1356 1596 privare,
1380 1559 1455 1596 qua

197 1620 310 1658 caret,
332 1613 399 1650 sed
418 1613 493 1649 vita
521 1613 587 1650 vis.
644 1613 695 1649 At
725 1613 822 1650 istud
850 1625 898 1649 ne
927 1613 1030 1662 apud
1051 1625 1139 1650 eum
1159 1613 1316 1662 quidem
1337 1613 1454 1650 dicta—

196 1686 331 1723 torem,
354 1678 418 1726 qui
439 1689 586 1723 omnes,
610 1690 707 1726 quos
728 1678 869 1724 oderat,
891 1686 1012 1715 morte
1033 1677 1228 1722 multabat,
1250 1678 1454 1727 quisquam

196 1743 273 1792 egit
304 1744 376 1781 isto
410 1743 540 1780 modo.
609 1742 695 1792 Ipse
733 1744 888 1780 iubebat
920 1743 1043 1780 occidi
1082 1743 1188 1780 nullo
1227 1743 1454 1792 postulante.

196 1797 376 1857 praemiis
404 1809 519 1845 etiarn
549 1807 753 1854 invitabat3
786 1820 883 1857 quae
914 1815 1043 1845 tamen
1073 1808 1275 1845 crudelitas
1304 1808 1352 1845 ab
1383 1807 1454 1845 hoc

196 1873 334 1910 eodem
365 1873 508 1923 aliquot
536 1873 646 1910 annis
675 1882 772 1922 post,
803 1885 919 1922 quem
949 1879 989 1909 tu
1018 1885 1120 1910 nunc
1149 1872 1341 1910 crudelem
1372 1885 1455 1910 esse

197 1937 263 1983 vis,
285 1937 472 1975 vindicata
493 1945 559 1975 est.

255 2011 297 2046 5,
321 2006 329 2021 ‘
343 2003 430 2051 Ego
450 2015 538 2040 vero
550 2002 651 2040 istud
665 2015 745 2040 non
761 2001 938 2052 postulo,’
956 2003 1116 2053 inquies.
1166 2002 1225 2040 Ita
1240 2001 1454 2041 mehercule

198 2067 387 2114 existimo,
433 2068 603 2106 Tubero.
662 2067 762 2105 Novi
804 2067 907 2105 enirn
946 2075 994 2113 te,
1034 2067 1124 2106 novi
1161 2075 1322 2117 patrem,
1366 2069 1455 2106 novi

199 2132 359 2169 domum
389 2145 608 2182 nomenque
646 2140 814 2170 vestrum
830 2145 840 2179 ;
875 2132 996 2170 studia
1034 2133 1186 2182 generis
1215 2145 1260 2170 ac
1291 2132 1454 2170 familiae

198 2204 345 2234 vestrae
365 2197 519 2243 virtutis,
542 2197 797 2243 humam'tatis,
819 2197 1026 2244 doctrinae,
1048 2197 1295 2249 plurimarum
1317 2198 1453 2235 artium
