1659 2499
269 66 363 98 PRO
393 65 530 97 REGE
559 65 818 98 DEIOTARO
851 65 1045 97 ORATIO.
1109 56 1159 111 §gs
1197 66 1283 108 1—7.
1351 68 1398 111 3¹

142 171 257 210 etiam
283 171 358 210 loci
387 171 506 221 ipsius
536 171 747 216 insolentia,
770 170 874 220 quod
895 177 1041 207 tantam
1071 182 1240 215 causam,
1263 176 1406 220 quanta

142 237 246 275 nulla
280 249 467 287 umquam
502 238 540 274 in
580 237 859 286 disceptatione
891 243 1035 274 versata
1073 242 1143 282 est,
1184 236 1272 273 dico
1310 236 1405 273 intra

142 303 378 342 domesticos
412 303 589 353 parietes,
621 302 708 340 dico
746 310 853 340 extra
887 308 1120 344 conventum
1152 309 1190 339 ct
1220 313 1306 339 eam
1338 301 1407 339 fre-

142 370 351 419 quentiam,
387 369 425 406 in
460 381 536 418 qua
566 377 760 406 oratorum
802 367 926 404 studia
965 368 1031 404 niti
1071 367 1216 412 solent;
1257 367 1295 404 in
1334 367 1408 404 tuis

142 433 274 477 oculis,
304 434 344 470 in
374 441 439 471 tuo
469 445 535 471 ore
565 434 748 483 vultuque
779 433 999 482 adquiesco,
1031 440 1068 470 te
1098 444 1219 470 unum
1247 433 1408 478 intueor,

142 498 190 537 ad
211 505 247 537 te
267 511 388 536 unum
405 499 532 536 omnis
551 511 639 537 mea
660 506 807 548 spectat
827 499 970 544 oratio;
995 510 1094 548 quae
1116 498 1210 535 mihi
1230 498 1279 535 ad
1299 509 1407 547 spem

142 565 378 614 optinendae
416 565 582 603 veritatis
619 565 843 615 gravissima
882 571 981 610 sunt,
1020 564 1069 601 ad
1106 571 1255 602 motum
1291 564 1407 602 animi

143 637 180 668 et
210 630 258 667 ad
287 643 445 668 omnem
471 631 657 680 impetum
682 630 833 668 dicendi
859 630 1226 679 contentionemque
1254 629 1407 668 leviora.

145 695 261 734 Hanc
283 696 384 733 enim
416 708 584 739 causam,
608 695 652 734 C.
674 695 828 741 Caesar,
850 696 879 733 si
899 687 936 732 in
967 694 1050 733 foro
1070 695 1239 733 dicerem
1268 695 1406 733 eodem
1427 698 1445 726 6

144 761 322 799 audiente
360 768 398 799 et
438 762 677 811 disceptante
715 768 762 806 te,
802 767 986 810 quantam
1035 760 1127 798 mihi
1175 761 1407 799 alacritatem

144 824 278 874 populi
308 824 478 862 Romani
508 836 719 862 concursus
748 823 932 861 adferret!
990 822 1089 869 Quis
1118 823 1221 861 enim
1251 824 1343 861 civis
1374 824 1408 860 ei

143 889 223 939 regi
243 901 322 927 non
342 889 493 936 faveret,
519 890 626 927 cuius
653 901 811 926 omnem
831 895 995 926 aetatem
1024 889 1062 926 in
1083 889 1213 938 populi
1241 889 1408 927 Romani

143 955 252 993 bellis
281 962 554 1005 consumptam
575 967 659 992 esse
686 954 946 992 meminisset?
1006 954 1228 1004 Spectarem
1249 955 1406 998 curiam,

144 1020 311 1058 intuerer
330 1019 468 1066 forum,
491 1020 640 1057 caelum
662 1020 829 1069 denique
859 1026 1014 1057 testarer
1038 1020 1176 1068 ipsum.
1236 1020 1298 1058 Sic
1320 1032 1407 1057 cum

144 1094 181 1123 et
220 1085 381 1123 deorum
420 1086 693 1123 immortalium
731 1092 766 1122 et
804 1085 937 1134 populi
977 1085 1144 1122 Romani
1177 1092 1215 1123 et
1253 1092 1408 1123 senatus

145 1150 332 1188 beneficia
370 1151 408 1188 in
441 1163 570 1200 regem
609 1150 836 1188 Deiotarum
875 1151 1107 1196 recordarer,
1147 1150 1252 1189 nullo
1290 1150 1408 1189 modo

145 1215 238 1253 mihi
277 1216 408 1254 deesse
447 1223 577 1266 posset
615 1217 748 1254 oratio.
817 1215 927 1262 Quae
966 1217 1151 1266 quoniam
1189 1217 1408 1266 angustiora

145 1281 309 1331 parietes
332 1280 477 1319 faciunt
497 1282 676 1331 actioque
697 1282 890 1319 maximae
910 1293 1049 1319 causae
1070 1281 1283 1319 debilitatur
1308 1282 1407 1325 loco,

146 1353 255 1383 tuum
285 1354 352 1393 est,
376 1346 531 1394 Caesar,
552 1347 618 1396 qui
646 1359 716 1397 pro
747 1347 874 1385 multis
903 1359 1018 1397 saepe
1040 1347 1173 1393 dixisti,
1195 1347 1287 1396 quid
1316 1347 1410 1384 mihi

147 1424 250 1449 nunc
291 1412 407 1449 animi
446 1412 503 1459 sit,
537 1412 586 1450 ad
620 1419 656 1450 te
692 1413 818 1462 ipsum
851 1412 999 1458 referre,
1032 1425 1110 1462 quo
1141 1412 1286 1450 facilius
1319 1425 1408 1450 cum

147 1477 318 1527 aequitas
339 1484 413 1523 tua,
434 1484 514 1515 tum
544 1478 722 1515 audiendi
752 1478 948 1527 diligentia
967 1478 1115 1516 minuat
1144 1478 1408 1528 hancpertur—

145 1542 342 1580 bationem
362 1555 502 1580 meam.

204 1607 280 1645 Sed
314 1616 521 1657 antequam
559 1607 608 1645 de
646 1608 889 1646 accusatione
928 1608 1010 1657 ipsa
1041 1607 1140 1653 dico,
1174 1607 1220 1645 de
1252 1620 1409 1646 accusa—

147 1680 274 1712 torum
304 1685 372 1722 spe
392 1686 516 1723 pauca
545 1673 693 1720 dicam;
724 1674 789 1723 qui
818 1686 907 1712 cum
927 1673 1125 1711 videantur
1153 1686 1225 1712 nec
1255 1674 1409 1723 ingenio

148 1751 219 1777 nec
238 1751 310 1776 usu
340 1745 455 1788 atque
479 1739 748 1778 exercitatione
779 1752 903 1777 rerum
924 1739 1059 1785 valere,
1082 1746 1211 1777 tamen
1235 1739 1284 1777 ad
1310 1739 1409 1777 hanc

149 1816 305 1842 causam
325 1816 405 1842 non
425 1804 506 1842 sine
526 1804 654 1855 aliqua
674 1817 739 1854 spe
759 1812 796 1842 et
815 1805 1044 1854 cogitatione
1065 1811 1260 1842 venerunt.

151 1941 256 1971 First
271 1941 448 1971 Division
471 1942 513 1971 of
531 1942 595 1972 the
615 1942 759 1977 speech
778 1941 830 1980 (ἐξ
849 1940 964 1981 8-14),
982 1944 1016 1971 to
1039 1940 1127 1972 clear
1143 1940 1198 1972 the
1216 1941 1345 1981 ground
1361 1940 1412 1971 for

237 2004 257 2025 a
272 1994 447 2026 refutation
464 1995 502 2026 of
513 1995 568 2026 the
584 1994 671 2026 main
688 1995 818 2036 charge.

152 2048 185 2090 (§
205 2047 238 2089 8)
259 2048 406 2080 Caesar's
421 2049 620 2090 dz'spleasure
635 2049 768 2090 against
788 2049 970 2081 Deiotarus
983 2049 1178 2091 deprecatcd‚
1194 2049 1233 2090 by
1248 2049 1300 2080 the
1315 2050 1360 2080 tie
1381 2051 1422 2090 of

238 2102 428 2144 hospitality
444 2103 580 2135 between
596 2104 683 2135 them
697 2115 711 2142 ,·
735 2107 743 2121 ‘
756 2103 826 2135 had
842 2103 881 2135 ke
895 2105 973 2144 only
988 2108 1045 2135 not
1051 2103 1169 2144 joined
1183 2105 1358 2145 Pompeius
1375 2105 1411 2134 in

231 2162 350 2199 person
354 2181 362 2196 ,
366 2168 435 2197 you
446 2158 557 2189 would
567 2169 668 2189 never
676 2159 758 2190 have
766 2159 970 2200 complar'ned
978 2163 1015 2190 at
1023 2158 1079 2190 all.
1108 2158 1140 2199 (ξ
1158 2158 1209 2198 ιο)
1220 2159 1411 2195 Deiotarus,

238 2222 259 2242 a
272 2211 448 2253 forezgner
470 2213 508 2244 in
532 2223 552 2244 a
573 2212 700 2244 distant
718 2213 809 2252 land,
829 2213 922 2244 made
942 2213 994 2244 the
1009 2223 1097 2244 same
1114 2213 1249 2244 mistake
1271 2213 1345 2243 that
1366 2224 1413 2243 we
