1659 2499
169 82 195 120 6
536 91 589 123 M.
625 91 773 123 TULLI
804 91 1070 123 CICERONIS

168 196 366 246 quentiam
386 204 423 234 et
442 196 666 247 dignitatem
691 183 765 235 hoc
787 198 871 247 ipso
894 184 934 234 in
959 191 1144 235 consessu
1164 188 1320 235 videtis:
1351 209 1429 235 non

168 261 229 299 ille
260 261 389 299 hostes
426 262 575 299 induxit
612 263 652 299 in
686 262 843 307 curiam,
878 263 945 299 sed
977 262 1154 300 iudicavit
1188 274 1211 299 a
1242 263 1429 312 plerisque

169 327 408 377 ignoratione
429 328 556 376 potius
576 335 613 365 et
634 327 728 365 falso
749 335 863 377 atque
883 327 986 364 inani
1016 336 1120 364 metu
1140 339 1256 377 quam
1284 327 1430 377 cupidi·
1464 353 1466 357 ψ

109 400 148 430 14
169 399 244 430 tate
265 399 329 430 aut
349 392 568 430 crudelitate
595 392 737 430 bellum
766 405 849 430 esse
871 400 1103 442 susceptum.
1161 392 1253 439 Quo
1273 393 1428 442 quidem
1459 408 1461 412 ’

168 458 207 494 in
238 457 339 495 bello
370 469 521 506 semper
558 457 605 494 de
644 470 739 506 pace
773 458 1007 495 audiendum
1040 458 1167 507 putavi
1201 470 1429 508 semperque

167 522 271 559 dolui
310 534 389 559 non
432 521 551 559 modo
590 534 739 571 pacem,
780 523 847 559 sed
886 523 1000 559 etiam
1039 523 1251 560 orationem
1289 522 1428 560 civium

165 599 302 636 pacem
323 587 576 636 flagitantium
606 587 805 637 repudiari.
864 586 1004 637 Neque
1033 587 1137 624 enim
1162 599 1236 636 ego
1265 587 1327 625 illa
1357 600 1429 625 nec

167 653 242 690 ulla
271 664 456 701 umquam
485 660 636 689 secutus
666 664 752 689 sum
782 664 888 689 arma
917 652 1051 697 civilia,
1082 665 1309 702 semperque
1341 665 1429 690 mea

166 717 324 755 consilia
357 718 462 766 pacis
496 724 532 754 et
564 725 677 766 togae
712 718 827 763 socia,
858 729 937 754 non
969 717 1057 754 belli
1088 725 1210 767 atque,
1233 729 1428 756 armorum

165 782 327 820 fuerunt.
385 782 597 820 Hominem
646 795 731 819 sum
781 791 932 820 secutus
975 783 1122 833 privato
1170 782 1310 836 officio,
1351 794 1429 820 non

165 848 330 898 publico,
352 854 576 897 tantumque
597 848 699 897 apud
727 859 790 885 me
820 848 914 897 grati
944 848 1061 885 animi
1091 846 1212 886 fidelis
1236 834 1430 885 'memoria

164 913 278 950 valuit
307 920 347 950 ut
376 912 477 950 nulla
506 925 585 951 non
614 913 732 950 modo
762 913 978 962 cupiditate,
1000 913 1067 950 sed
1097 925 1146 950 ne
1173 925 1240 962 spe
1261 912 1428 963 quidem,

165 978 333 1028 prudens
363 985 398 1015 et
430 978 554 1015 sciens
583 985 782 1028 tamquam
812 978 860 1015 ad
889 978 1084 1015 interitum
1114 990 1264 1015 ruerem
1294 978 1429 1015 volun-

106 1052 144 1082 15
165 1044 316 1080 tarium.
373 1043 491 1090 Quod
521 1043 679 1093 quidem
708 1055 839 1080 meum
868 1043 1070 1081 consilium
1102 1043 1261 1081 minime
1290 1044 1430 1082 obscu-

163 1120 248 1145 rum
287 1108 364 1146 fuit.
425 1108 529 1145 Nam
563 1115 600 1146 et
631 1109 669 1145 in
703 1109 778 1146 hoc
812 1109 946 1146 ordine
979 1104 1127 1158 integra
1160 1120 1200 1146 re
1234 1108 1353 1146 multa
1383 1108 1430 1147 de

163 1185 259 1223 pace
283 1173 360 1210 dixi
391 1180 428 1211 et
458 1174 495 1210 in
526 1174 610 1222 ipso
640 1172 740 1210 bello
761 1173 896 1211 eadem
925 1174 1040 1211 etiam
1070 1186 1160 1211 cum
1189 1174 1325 1223 capitis
1354 1174 1430 1212 mei

162 1238 331 1288 periculo
352 1239 464 1276 sensi.
520 1238 581 1275 Ex
602 1250 680 1288 quo
701 1251 817 1277 nemo
838 1239 913 1275 iam
933 1239 1001 1276 erit
1022 1246 1100 1276 tam
1121 1239 1282 1276 iniustus
1302 1239 1428 1277 existi-

163 1310 287 1341 mator
307 1315 446 1348 rerum,
469 1304 534 1352 qui
555 1303 710 1348 dubitet,
732 1315 830 1353 quae
851 1303 1027 1341 Caesaris
1057 1304 1103 1341 de
1132 1303 1235 1341 bello
1254 1302 1428 1341 voluntas

163 1367 285 1413 fuerit,
306 1380 395 1405 cum
416 1370 521 1417 pacis
551 1375 728 1406 auctores
755 1368 1039 1428 conserssndos
1071 1369 1197 1407 statim
1228 1369 1427 1415 censuerit,

163 1433 298 1471 ceteris
320 1433 429 1470 fuerit
450 1434 585 1470 iratior.
643 1433 770 1483 Atque
790 1433 828 1470 id
843 1434 970 1471 minus
990 1434 1130 1470 mirum
1151 1433 1311 1471 fortasse
1333 1441 1427 1480 tum,

163 1510 251 1534 cum
283 1506 383 1535 esset
414 1499 580 1536 incertus
612 1500 735 1536 exitus
766 1506 802 1537 et
829 1511 975 1550 'anceps
1013 1499 1166 1536 fortuna
1203 1499 1319 1546 belli3
1361 1499 1427 1550 qui

162 1575 253 1601 vero
282 1563 401 1601 victor
431 1564 536 1613 pacis
565 1570 739 1601 auctores
769 1555 899 1613 diligit,
924 1564 1160 1614 'is'profecto
1190 1564 1358 1602 declarat
1387 1577 1426 1602 se

162 1628 342 1666 maluisse
364 1641 442 1666 non
464 1629 645 1666 dimicare
667 1642 784 1679 quam
805 1619 978 1687 vinces-<324l

104 1701 142 1731 16
217 1692 259 1728 6.
293 1695 419 1744 Atque
459 1694 571 1731 huius
605 1695 761 1744 quidem
797 1695 848 1731 rei
884 1694 939 1732 M.
971 1694 1157 1732 Marcello
1190 1707 1274 1732 sum
1309 1695 1424 1733 testis.

162 1758 294 1796 Nostri
317 1760 430 1804 ⁴enim
462 1772 596 1797 sensus
630 1767 671 1797 ut
704 1760 743 1796 in
777 1772 873 1809 pace
907 1772 1069 1810 semper,
1105 1759 1158 1798 sic
1195 1766 1277 1797 tum
1311 1760 1424 1798 etiam

161 1825 200 1861 in
239 1824 339 1862 bello
383 1826 658 1874 congruebant.
716 1824 906 1871 Quotiens
950 1837 1024 1875 ego
1071 1837 1160 1862 eum
1201 1832 1239 1863 et
1279 1833 1426 1874 quanto

161 1900 249 1925 cum
288 1888 419 1925 dolore
458 1889 532 1925 vidi
571 1901 661 1926 cum
699 1889 941 1927 insolentiam
980 1896 1169 1926 certorum
1209 1888 1424 1935 hominum,

161 1962 242 1990 tum
273 1954 389 1990 etiam
433 1954 551 2003 ipsius
591 1955 769 1991 victoriae
808 1953 1045 1991 ferocitatem
1083 1954 1424 1992 extimescentem!

161 2015 252 2062 Quo
291 2016 434 2065 gratior
472 2024 537 2053 tua
571 2016 786 2063 liberalitas,
823 2016 867 2054 C.
907 2016 1062 2062 Caesar,
1098 2017 1223 2062 nobis,
1258 2017 1323 2066 qui
1362 2017 1424 2054 illa

160 2081 334 2127 vidimus,
368 2080 480 2118 debet
512 2093 606 2118 esse.
667 2080 760 2126 Non
791 2080 894 2117 enim
925 2081 1002 2117 iam
1036 2092 1176 2118 causae
1210 2087 1297 2118 sunt
1327 2081 1425 2118 inter

101 2152 139 2187 17
161 2157 212 2192 se,
235 2145 301 2183 sed
327 2146 508 2183 victoriae
536 2146 830 2195 comparandae.
886 2145 1065 2183 Vidimus
1095 2153 1200 2183 tuam
1226 2146 1424 2183 victoriam

160 2210 395 2260 proeliorum
433 2212 535 2248 exitu
579 2211 834 2257 terminatam,
873 2210 1044 2260 gladium
1082 2211 1222 2269 vagina
1259 2222 1423 2249 vacuum
