1659 2499
147 864 178 879 ut

206 73 256 112 28
519 82 613 113 PRO
647 83 687 121 Q.
720 83 922 114 LIGARIO
955 83 1148 116 ORATIO.

204 198 266 222 me
286 186 359 224 hoc
380 187 613 233 meminisse,
636 200 749 238 spero
769 189 882 226 etiarn
904 195 950 234 te,
973 190 1037 239 qui
1058 189 1230 226 oblivisci
1254 188 1345 226 nihil
1367 189 1466 232 soles

205 251 276 288 nisi
315 252 480 298 iniurias,
521 253 705 302 quoniam
740 253 814 291 hoc
854 261 911 291 est
949 254 1077 300 animi,
1118 254 1302 303 quoniam
1351 255 1464 292 etiam

204 317 345 365 ingenii
366 318 429 364 tui,
452 326 487 356 te
509 318 652 368 aliquid
674 319 720 356 de
740 318 851 355 huius
872 319 936 356 illo
957 320 1176 368 quaestorio
1205 320 1332 357 officio
1351 320 1464 357 etiam

205 382 251 418 dc
273 383 352 420 aliis
373 383 606 432 quibusdam
634 384 898 433 quaestoribus
929 384 1233 422 reminiscentem
1265 384 1465 423 recordari.

146 457 152 465 ·
206 447 281 484 Hic
316 448 430 497 igitur
460 448 507 485 T.
539 447 723 497 Ligarius,
755 449 819 498 qui
851 455 931 485 tum
963 449 1052 486 nihil
1083 450 1159 498 egit
1189 450 1291 487 aliud
1321 449 1463 500 (neque

203 513 305 549 enim
327 512 420 550 haec
443 511 664 564 divinabat),
687 514 758 550 nisi
779 521 819 550 ut
840 514 893 551 tui
914 527 1002 551 eum
1023 515 1234 552 studiosum
1257 522 1293 552 et
1316 516 1464 553 bonum

204 579 324 614 virum
355 579 549 626 iudicares,
575 591 676 616 nunc
705 591 727 615 a
757 586 792 616 te
823 579 984 629 supplex
1015 579 1138 617 fratris
1169 580 1330 617 salutem
1361 581 1464 630 petit.

204 643 333 688 Quam
362 643 472 680 huius
496 644 716 681 admonitus
745 645 872 682 officio
900 657 987 682 cum
1018 646 1186 695 utrisque
1216 646 1274 683 his
1304 645 1464 691 dederis.

204 716 277 744 tres
300 708 432 746 fratres
462 710 628 758 optimos
648 716 684 746 et
703 710 968 758 integerrimos
997 722 1075 747 non
1105 711 1230 748 solum
1261 711 1331 748 sibi
1360 711 1464 759 ipsos

205 785 329 822 neque
351 774 408 811 his
428 780 482 810 tot
503 786 546 811 ac
571 775 708 812 talibus
728 775 813 811 viris
838 787 962 824 neque
990 776 1102 812 nobis
1129 763 1351 813 necessariis
1380 776 1464 817 tuis,

147 848 184 862 ⁰·
206 839 272 875 sed
292 840 404 876 etiam
426 840 479 876 rei
499 840 674 888 publicae
695 840 987 877 condonaveris.
1046 840 1122 878 Fac
1147 841 1269 890 igitur,
1292 841 1396 891 quod
1419 841 1464 878 de

206 905 360 941 homine
394 904 630 943 nobilissimo
664 912 700 942 et
733 905 944 942 clarissimo
978 905 1096 943 fecisti
1127 918 1249 955 nuper
1279 907 1317 942 in
1348 906 1463 950 curia,

205 981 305 1006 nunc
335 969 437 1006 idem
468 970 505 1006 in
534 970 618 1007 foro
648 970 695 1008 de
725 971 880 1019 optimis
908 977 945 1008 et
975 970 1062 1008 huic
1093 972 1200 1008 omni
1229 971 1465 1020 frequentiae

203 1035 477 1082 probatissimis
505 1034 691 1072 fratribus.
750 1035 803 1072 Ut
833 1036 1053 1073 concessisti
1084 1036 1187 1073 illum
1219 1036 1379 1082 senatui,
1411 1037 1463 1073 sic

205 1101 251 1136 ‹la
292 1099 393 1137 hunc
432 1100 589 1149 populo,
626 1101 734 1137 cuius
768 1101 1003 1138 voluntatem
1042 1102 1277 1139 carissimam
1316 1114 1467 1151 semper

206 1165 379 1211 habuisti,
402 1172 448 1210 et,
470 1166 500 1202 si
521 1166 579 1202 ille
601 1166 680 1203 dies
700 1166 765 1202 tibi
787 1166 1096 1215 gloriosissimus,
1119 1166 1263 1216 populo
1285 1166 1466 1204 Romano

205 1231 441 1277 gratissimus
463 1230 541 1275 fuit,
564 1231 650 1275 noli,
669 1232 840 1272 obsecro.
863 1231 1047 1277 dubitare,
1066 1231 1110 1269 C.
1131 1231 1284 1278 Caesar,
1303 1232 1466 1269 similem

205 1295 252 1331 illi
283 1295 424 1344 gloriae
453 1295 606 1333 laudem
628 1308 743 1346 quam
775 1297 998 1346 saepissime
1029 1309 1220 1346 quaerere.
1278 1296 1382 1334 Nihil
1412 1304 1466 1334 est

206 1369 281 1397 tam
305 1361 487 1410 populare
508 1373 625 1410 quam
653 1362 815 1406 bonitas,
838 1362 939 1399 nulla
960 1362 1007 1399 de
1028 1362 1226 1399 virtutibus
1252 1362 1325 1399 tuis
1351 1362 1466 1411 pluri-

147 1435 186 1460 κ’»
206 1427 278 1462 mis
300 1439 371 1464 nec
391 1427 648 1465 admirabilior
668 1439 738 1464 nec
758 1429 902 1476 gratior
921 1427 1182 1464 misericordia
1201 1435 1269 1465 est.
1328 1427 1468 1465 Homi-

206 1504 274 1528 nes
303 1492 405 1528 enim
436 1492 483 1529 ad
505 1492 598 1530 deos
625 1492 728 1529 nulla
752 1504 792 1529 re
821 1493 978 1542 propius
1006 1492 1194 1530 accedunt
1223 1505 1340 1542 quam
1369 1492 1468 1530 salu—

207 1565 281 1594 tern
305 1557 522 1595 hominibus
543 1557 682 1595 dando.

207 1674 425 1704 Pel-oration
450 1672 481 1709 (ξ
509 1673 573 1711 38).
623 1675 629 1688 ‘
651 1673 752 1703 What
768 1683 836 1713 you
860 1673 898 1703 do
910 1672 974 1714 sor
1000 1674 1036 1712 Q.
1057 1653 1322 1714 Lzsswriunfvill
1341 1673 1374 1704 be
1390 1673 1469 1703 done

283 1727 346 1768 sor
360 1728 410 1758 all
423 1727 497 1758 laer-e
508 1726 660 1768 presens

262 1823 367 1860 Nihil
407 1823 520 1860 habet
559 1835 629 1860 nec
665 1823 818 1861 fortuna
853 1831 916 1861 tua
948 1824 1081 1869 maius,
1113 1836 1230 1873 quam
1260 1831 1299 1861 ut
1333 1824 1468 1873 possis.

206 1901 276 1925 nce
306 1894 443 1925 natura
472 1887 617 1933 melius,
640 1900 754 1937 quarn
779 1895 820 1925 ut
839 1889 929 1926 velis
958 1901 1106 1926 servare
1128 1901 1244 1938 quam
1273 1888 1469 1938 plurimos.

208 1953 445 2002 Longiorem
480 1953 693 1990 orationem
724 1966 841 1990 causa
871 1953 1029 1991 forsitan
1063 1954 1242 2003 postulet,
1273 1961 1338 1990 tua
1368 1960 1469 1991 certe

206 2026 340 2055 natura
379 2018 602 2055 breviorem.
661 2017 802 2064 Quare,
834 2031 923 2056 curn
962 2018 1089 2055 utilius
1124 2031 1208 2056 esse
1246 2019 1404 2055 arbitrer
1434 2026 1470 2055 te

205 2085 332 2133 ipsum
359 2096 476 2133 quam
507 2095 570 2120 me
595 2090 660 2120 aut
688 2096 924 2134 quemquam
952 2084 1056 2134 loqui
1083 2091 1220 2130 tecum,
1252 2084 1368 2122 finem
1395 2085 1471 2121 iam

206 2150 366 2195 saciam;
406 2155 556 2186 tantum
595 2156 629 2186 te
669 2149 901 2195 admonebo,
942 2150 972 2186 si
1020 2149 1070 2186 illi
1119 2150 1265 2187 absenti
1309 2150 1468 2187 salutem

207 2204 366 2259 dederis,
396 2214 665 2262 praesentibus
694 2213 751 2251 his
782 2215 962 2252 omnibus
992 2214 1180 2251 daturum.
