1659 2499
144 1237 181 1267 18

204 70 258 126 36
568 81 622 114 M.
658 79 805 112 TULLJ
836 78 1103 110 CICERONIS

203 197 274 223 nec
301 185 340 222 in
362 184 632 234 facinerosum,
651 187 724 224 nisi
749 193 850 224 esset
878 185 980 222 idem
1009 183 1305 229 amentissimus,
1326 183 1366 221 id
1394 194 1463 220 vos

203 258 239 289 et
269 263 292 289 a
320 251 400 289 viro
430 253 578 302 optimo
606 260 643 290 et
669 253 718 290 ab
742 251 899 289 homine
923 250 1080 287 minime
1108 249 1222 287 stulto
1249 249 1463 297 cogitatum

203 328 286 354 esse
317 317 565 366 confingitis?
620 318 672 355 At
701 329 819 367 quam
848 329 926 354 non
955 315 1074 353 modo
1111 327 1190 353 non
1225 314 1462 360 credibiliter,

203 382 271 420 sed
298 395 346 420 ne
374 383 582 432 suspiciose
606 382 786 432 quidem!
849 379 997 427 ‘Cum,’
1019 380 1151 430 inquit,
1173 379 1237 416 ‘in
1263 378 1461 417 castellum

202 447 337 485 Peium
367 448 534 485 venisses
565 454 602 485 et
633 447 794 485 domum
823 447 922 495 regis
951 445 1110 496 hospitis
1140 445 1194 482 tui
1223 444 1460 490 devertisses,

202 513 308 551 locus
329 520 408 551 erat
433 513 603 562 quidam,
626 513 664 549 in
695 524 772 561 quo
802 518 912 548 erant
940 523 986 549 ea
1015 511 1243 560 composita,
1265 510 1404 559 quibus
1424 516 1461 546 te

202 590 268 616 rex
289 590 492 615 munerare
517 578 777 615 constituerat.
836 577 927 614 Huc
957 584 993 614 te
1023 589 1044 613 e
1067 575 1218 621 balneo,
1239 575 1461 624 priusquam

202 644 461 687 accumberes‚
491 642 630 680 ducere
660 642 819 680 volebat.
875 642 996 678 Erant
1025 642 1128 678 enim
1159 640 1306 686 armati,
1331 640 1397 689 qui
1426 647 1462 676 te

201 708 469 754 interficerent,
500 708 540 745 in
568 720 616 746 eo
644 708 728 757 ipso
758 707 845 745 loco
879 705 1076 745 collocati.'
1133 705 1195 743 En
1227 706 1383 750 crimen,
1413 716 1462 741 en

203 786 330 819 causa,
371 786 437 811 cur
475 785 605 822 regem
646 773 837 822 fugitivus,
878 773 1081 810 dominum
1121 768 1251 809 servus
1283 772 1460 809 accuset!

201 839 289 888 Ego
310 838 561 885 mehercules,
584 838 739 882 Caesar,
764 838 880 885 initio,
904 850 994 876 curn
1014 845 1071 875 est
1100 837 1149 875 ad
1173 849 1235 875 me
1264 837 1314 874 ita
1344 848 1462 874 causa

202 903 338 950 delata,
373 903 605 953 Phidippum
644 903 852 950 medicum,
888 915 1038 940 servum
1077 902 1234 952 regium,
1269 902 1334 952 qui
1373 914 1462 940 cum

201 970 335 1019 legatis
365 970 504 1007 missus
533 976 642 1015 esset,
669 969 717 1007 ab
742 969 815 1006 isto
846 968 1088 1006 adulescente
1113 980 1197 1006 esse
1227 973 1459 1017 corruptum,

201 1035 273 1072 hac
294 1047 379 1072 sum
400 1035 618 1084 suspicione
639 1046 855 1084 percussus:
889 1036 897 1052 ‘
914 1033 1113 1071 Medicum
1140 1033 1307 1071 indicem
1328 1033 1463 1071 subor-

203 1101 302 1138 navit
314 1113 324 1147 ;
364 1100 482 1150 finget
517 1100 689 1138 videlicet
723 1100 880 1150 aliquod
918 1100 1063 1137 crimen
1102 1097 1261 1136 veneni?
1320 1097 1401 1136 Etsi
1440 1110 1462 1136 a

202 1167 354 1205 veritate
375 1166 502 1216 longe,
524 1174 652 1204 tamen
672 1179 694 1203 a
714 1165 990 1204 consuetudine
1011 1164 1237 1203 criminandi
1263 1176 1344 1202 non
1363 1164 1461 1202 mul-

203 1239 284 1270 tum
300 1245 359 1270 res
380 1232 623 1270 abhorrebat.
682 1230 788 1278 Quid
808 1232 859 1268 ait
879 1231 1074 1268 medicus?
1105 1229 1211 1268 Nihil
1231 1230 1279 1268 de
1299 1242 1460 1269 veneno.

202 1298 254 1336 At
284 1298 321 1335 id
351 1298 430 1335 fieri
461 1298 584 1347 potuit
614 1297 781 1347 primum
810 1297 998 1334 occultius
1028 1297 1067 1333 in
1098 1296 1264 1345 potione,
1284 1296 1324 1333 in
1350 1296 1460 1342 cibo;

201 1363 340 1401 deinde
369 1364 484 1401 etiam
513 1363 696 1413 inpunius
726 1363 777 1408 fit,
800 1361 906 1412 quod
936 1374 1024 1400 cum
1055 1368 1112 1398 est
1142 1361 1297 1408 factum,
1329 1361 1461 1411 negari

201 1435 337 1479 potest.
396 1428 435 1466 Si
456 1428 583 1478 palam
605 1436 641 1466 te
666 1429 932 1474 interemisset,
953 1427 1128 1465 omnium
1151 1427 1189 1464 in
1219 1438 1260 1464 se
1285 1427 1459 1476 gentium

201 1507 279 1532 non
300 1494 424 1532 solum
445 1494 544 1539 odia,
566 1493 633 1531 sed
663 1494 778 1532 etiam
808 1505 915 1530 arma
943 1492 1216 1538 convertisset3
1247 1492 1279 1529 si
1299 1504 1458 1538 veneno,

202 1559 303 1597 Iovis
323 1559 385 1596 ille
407 1559 562 1609 quidem
583 1558 784 1608 hospitalis
806 1570 951 1595 numen
964 1553 1178 1607 numquam
1199 1557 1321 1595 celare
1343 1565 1460 1607 potu-

201 1625 302 1671 isset,
334 1624 509 1662 homines
542 1623 700 1662 fortasse
735 1623 905 1662 celasset.
963 1622 1082 1669 Quod
1114 1622 1236 1671 igitur,
1258 1630 1295 1659 et
1329 1623 1460 1660 conari

201 1689 387 1727 occultius
407 1697 443 1727 et
463 1689 610 1727 efficere
632 1689 780 1727 cautius
800 1689 932 1738 potuit,
950 1688 989 1725 id
1008 1687 1074 1725 tibi
1094 1695 1132 1725 et
1147 1687 1299 1725 medico
1320 1687 1458 1725 callido

201 1762 239 1793 et
271 1767 393 1802 servo,
428 1762 469 1792 ut
500 1755 670 1804 putabat,
703 1753 805 1791 fideli
836 1766 915 1790 non
954 1753 1135 1798 credidit3
1166 1752 1213 1790 de
1248 1753 1374 1798 armis,
1411 1752 1459 1790 de

143 1821 182 1850 19
201 1819 309 1866 ferro,
331 1820 378 1857 de
398 1820 543 1857 insidiis
563 1819 684 1857 celare
705 1826 741 1856 te
763 1819 909 1857 noluit?
956 1819 1007 1855 At
1027 1829 1144 1868 quam
1164 1817 1292 1856 festive
1314 1818 1460 1856 crimen

201 1885 438 1923 contexitur!
497 1885 609 1922 ‘Tua
662 1885 720 1930 te,'
774 1884 908 1934 inquit,
948 1884 1108 1921 ‘eadem
1160 1896 1259 1933 quae
1309 1895 1460 1934 semper

201 1950 353 1988 fortuna
373 1951 553 1997 servavit;
585 1950 767 2000 negavisti
790 1958 869 1987 tum
890 1956 925 1987 te
946 1949 1131 1998 inspicere
1151 1947 1268 1986 velle.'

258 2016 300 2055 7.
332 2015 437 2062 Quid
474 2015 636 2065 postea?
667 2027 716 2052 an
756 2014 960 2052 Deiotarus
995 2027 1035 2051 re
1070 2014 1134 2052 illo
1173 2022 1346 2063 tempore
1380 2026 1460 2052 non

201 2080 368 2130 perfecta
403 2081 587 2118 continuo
627 2080 768 2118 dimisit
805 2080 1042 2118 exercitum?
1082 2079 1207 2117 nullus
1247 2087 1328 2117 erat
1366 2079 1461 2117 alius

202 2145 406 2183 insidiandi
426 2145 562 2183 locus?
621 2146 671 2182 At
701 2145 838 2183 eodem
869 2152 917 2191 te,
947 2157 1035 2182 cum
1065 2145 1290 2192 cenavisses,
1320 2145 1460 2182 reditu-

200 2222 286 2248 :um
305 2210 464 2258 dixeras,
485 2211 613 2262 itaque
633 2209 762 2249 fecisti.
819 2210 970 2249 Horam
984 2222 1102 2248 unam
1123 2216 1188 2249 aut
1207 2210 1303 2248 duas
1323 2209 1461 2249 eodem
