1659 2499
187 76 210 114 8
551 81 604 113 M.
639 80 786 112 TULLI
817 80 1083 113 CICERONIS

186 188 279 226 Non
308 188 411 226 enim
431 195 495 225 tua
524 188 599 225 ulla
627 187 742 237 culpa
761 195 828 232 est,
850 188 881 224 si
910 195 945 225 te
975 187 1091 236 aliqui
1112 187 1330 232 timuerunt,
1351 197 1443 223 eon-

185 262 318 303 traque
348 265 497 291 summa
526 253 621 299 laus,
647 253 753 302 quod
782 253 938 289 minime
968 252 1182 290 timendum
1212 251 1326 289 fuisse
1356 262 1443 305 sen-

184 327 324 357 serunt.
1408 363 1411 365 .

1385 370 1405 395 2..
1416 392 1417 396 ,

187 409 334 438 Second
350 408 517 437 division
533 408 575 436 of
595 407 658 437 the
675 409 893 442 argument
892 407 945 442 ἐξ
963 413 1023 434 21—
1003 406 1093 444 —}.3o
1150 405 1215 435 l'ou
1235 408 1358 444 suspect
1371 403 1445 433 that
1499 398 1501 401 ’

265 472 357 502 your
369 461 428 502 life
445 472 474 491 zs
491 471 529 491 zn
544 461 636 500 daug
617 471 676 491 e07¹
716 460 818 491 lVlcat
833 460 990 490 madman
1007 459 1120 490 would
1131 464 1267 500 attempt
1283 458 1329 489 it.
1326 458 1339 480 2
1378 458 1411 488 T
1407 457 1444 487 lz

271 515 376 557 sasety
390 516 431 557 qf
438 526 477 546 us
499 515 549 546 all
563 516 591 545 is
607 515 718 545 bound
739 520 783 556 up
800 514 881 545 with
901 515 938 545 τί.
992 515 1024 545 T
1019 513 1057 545 he
1079 524 1166 544 more
1181 513 1267 553 need,
1285 513 1444 550 however,

265 570 326 611 for
340 581 379 601 us
393 575 424 601 to
436 570 470 600 be
485 570 641 610 vigilant.

242 646 282 684 7-
314 647 428 685 Nunc
459 648 570 685 venio
603 647 652 684 ad
684 647 946 696 gravissimam
976 646 1184 697 querellam
1218 654 1255 684 et
1289 646 1444 684 atrocis-

185 714 322 751 simam
343 713 601 775 suspicionem
622 720 740 757 tuam,
761 724 861 762 quae
881 724 966 777 non
980 713 1048 750 tibi
1076 713 1147 762 ipsi
1173 712 1298 761 magis
1325 723 1442 761 quam

102 823 107 835 ¹
156 826 160 834 ι
185 791 275 816 cum
304 768 484 816 omnibus
514 779 668 823 civibus,
691 786 771 815 tum
801 790 981 815 maxume
987 766 1135 824 sigblS,
1159 777 1237 827 QUl
1254 790 1276 814 3,
1296 784 1331 814 te
1352 788 1443 815 COH-

138 835 161 870 .'
183 845 317 882 servati
355 856 497 890 sumus,
533 844 768 892 providenda
805 850 884 890 est;
914 856 1030 893 quam
1061 844 1129 881 etsi
1169 856 1280 893 spero
1311 839 1444 880 falsam

184 922 278 955 esse,
315 917 443 946 tamen
494 921 705 958 numquam
744 909 975 946 extenuabo.
1033 908 1121 945 Tua
1170 909 1272 945 enim
1321 909 1446 946 cautio

82 971 88 981 '
127 1014 129 1020 ¹
185 982 315 1012 nostra
344 975 469 1012 cautio
496 982 562 1020 est,
583 982 634 1020 ut,
657 975 687 1011 si
712 975 750 1010 in
774 975 953 1012 alterutro
973 974 1214 1023 peccandum
1234 974 1291 1020 sit,
1313 974 1445 1011 malim

184 1040 300 1077 videri
324 1040 437 1077 nimis
459 1040 612 1076 timidus
632 1051 748 1089 quam
769 1051 903 1088 parum
923 1039 1101 1089 prudens.
1162 1039 1238 1076 Sed
1265 1039 1443 1088 quisnam

184 1114 240 1143 est
270 1105 337 1142 iste
368 1114 446 1142 tam
476 1104 662 1142 demens?
693 1104 743 1161 d>
768 1106 891 1142 tuisne
922 1104 1089 1155 (tametsi
1111 1105 1175 1155 qui
1205 1105 1329 1154 magis
1359 1113 1445 1149 sunt

186 1171 249 1223 tui,
271 1182 387 1220 quam
408 1170 547 1220 quibus
573 1178 612 1207 tu
642 1170 802 1208 salutem
823 1171 1107 1220 insperantibus
1136 1170 1330 1208 reddidisti
1346 1168 1376 1221 ?)
1398 1183 1445 1207 an

185 1248 232 1273 ex
262 1235 334 1273 hoc
364 1247 538 1281 numero
569 1236 634 1284 qui
664 1248 740 1273 una
770 1244 896 1273 tecum
927 1235 1106 1273 fuerunt?
1163 1235 1256 1273 Non
1286 1243 1343 1273 est
1369 1247 1446 1273 cre-

186 1301 310 1338 dibilis
329 1308 456 1355 tantus
476 1302 515 1338 in
536 1301 612 1339 ullo
633 1301 747 1346 furor,
768 1309 819 1347 ut,
841 1313 919 1351 quo
940 1301 1035 1339 duce
1064 1301 1195 1338 onmia
1224 1313 1375 1338 summa
1401 1302 1445 1338 sit

134 1353 149 1388 ¹³
173 1347 358 1415 adeptus,
389 1353 501 1403 huius
530 1366 643 1403 vitam
673 1378 754 1403 non
783 1373 992 1415 anteponat
1021 1378 1124 1404 suae
1182 1368 1254 1413 An,
1288 1367 1317 1403 si
1354 1366 1446 1403 nihil

127 1703 145 1732 10

149 1703 167 1733 10

186 1432 239 1469 tui
277 1432 445 1480 cogitant
495 1431 656 1477 sceleris,
696 1432 911 1469 cavendum
949 1439 1017 1477 est,
1058 1444 1105 1469 ne
1144 1431 1439 1504 quiddinimici.
1434 1433 1445 1453 ³

188 1496 292 1542 Qui?
323 1508 460 1534 omnes
489 1498 604 1542 enim,
626 1498 691 1547 qui
721 1497 884 1543 suerunt,
907 1506 972 1535 aut
1003 1509 1070 1534 sua
1094 1497 1302 1546 pertinacia
1331 1497 1446 1534 vitam

186 1563 395 1599 amiserunt
425 1569 488 1599 aut
518 1570 582 1599 tua
615 1562 872 1600 misericordia
905 1563 1150 1608 retinuerunt,
1183 1570 1222 1599 ut
1256 1569 1320 1600 aut
1354 1562 1446 1599 nulli

186 1627 377 1676 supersint
411 1627 456 1664 de
490 1627 653 1665 inimicis
691 1636 766 1673 aut,
801 1628 866 1676 qui
906 1627 1069 1673 fuerunt,
1102 1628 1176 1665 sint
1214 1627 1445 1682 amicissimi.

189 1691 264 1729 Sed
284 1699 413 1729 tamen
442 1704 531 1729 cum
559 1693 598 1729 in
629 1693 765 1730 animis
794 1692 993 1730 hominum
1022 1699 1149 1730 tantae
1179 1691 1343 1730 latebrae
1373 1690 1447 1730 sint

185 1765 223 1794 et
242 1757 334 1804 tant-i
353 1769 536 1803 recessus,
560 1770 768 1807 augeamus
790 1770 881 1796 sane
902 1757 1160 1807 suspicionem
1176 1765 1304 1804 tuam;
1335 1758 1447 1795 simul

186 1822 289 1859 enim
311 1823 537 1871 augebimus
557 1823 804 1872 diligentiam.
862 1823 965 1860 Nam
986 1823 1071 1872 quis
1092 1830 1149 1860 est
1175 1823 1348 1861 omnium
1369 1830 1445 1860 tam

187 1888 342 1936 ignarus
362 1899 497 1933 rerum,
520 1895 598 1925 tarn
618 1889 723 1937 rudis
743 1889 781 1925 in
803 1901 842 1926 re
866 1888 1030 1938 publica,
1048 1896 1125 1925 tam
1146 1888 1239 1925 nihil
1259 1900 1445 1938 umquam

188 1964 258 1990 nec
276 1952 322 1989 de
348 1965 415 1989 sua
436 1965 507 1990 nec
521 1953 568 1990 de
588 1954 786 1991 communi
808 1954 925 1991 salute
948 1954 1133 2002 cogitans,
1151 1954 1216 2003 qui
1237 1965 1317 1990 non
1338 1954 1446 1991 intel-

188 2018 290 2067 legat
318 2025 382 2055 tua
412 2018 530 2056 salute
551 2021 734 2057 contineri
765 2031 873 2057 suam
894 2027 930 2057 et
956 2032 1004 2057 ex
1025 2020 1137 2056 unius
1167 2027 1231 2056 tua
1251 2020 1325 2056 vita
1354 2032 1447 2069 pen-

188 2083 290 2120 dere
298 2084 499 2121 omnium?
531 2080 750 2134 'Equidem
770 2085 818 2123 de
839 2092 875 2122 te
897 2085 976 2123 dies
997 2092 1220 2134 noctesque,
1242 2092 1283 2122 ut
1310 2085 1444 2128 debeo

189 2149 362 2198 cogitans
394 2161 504 2187 casus
547 2151 748 2188 dumtaxat
783 2140 974 2188 humanos
1012 2157 1050 2187 et
1088 2151 1253 2187 incertos
1291 2158 1449 2188 eventus

189 2205 414 2251 valetudinis
448 2223 485 2252 et
525 2223 681 2252 naturae
716 2216 936 2253 communis
967 2215 1209 2264 fragilitatem
1240 2216 1449 2254 extimesco

1523 387 1567 402 ,2⁴¹⁴
1591 387 1645 403 »ἐκ
