1659 2499
205 76 259 131 38
572 87 625 118 M.
663 86 809 118 TULLJ
839 87 1105 119 CICERONIS

202 191 368 238 vinciret,
389 204 487 241 quos
507 204 638 230 secum
659 192 834 238 habebat,
855 200 891 230 te
913 193 1080 230 solutum
1094 192 1262 231 Romam
1276 193 1460 240 mittebat,

203 257 268 306 qui
292 257 428 295 eadem
449 257 575 303 scires,
597 270 696 307 quae
716 257 800 295 illos
821 258 914 295 scire
935 258 1057 296 dicis?

204 379 323 408 Third
346 379 511 409 division
536 377 589 417 (ξς
617 377 757 417 22—34):
793 377 928 418 charges
951 377 1060 410 which
1083 377 1265 409 reinsoreed
1296 377 1351 410 the
1377 378 1465 409 main

290 431 495 463 accusation:
526 431 572 473 (a)
590 432 663 462 tlzat
680 431 861 462 Deiotarus
883 432 953 462 lead
973 432 1047 463 been
1070 443 1111 463 on
1135 432 1188 462 the
1210 432 1314 463 walch
1328 432 1393 474 fhr
1413 433 1466 464 lzz‘s

288 487 496 529 opportunity
506 498 521 525 ;
548 487 598 528 (b)
621 486 694 518 that
716 488 755 518 lte
779 488 848 518 lzaa'
868 488 943 519 been
967 488 1155 529 mustering
1174 499 1219 519 an
1242 499 1340 529 army
1362 493 1393 520 to
1415 493 1467 520 act

288 542 422 583 against
440 543 466 573 C
466 552 568 574 aesar.
614 543 647 573 T
642 542 680 573 lle
696 543 795 573 latter
810 542 926 583 charge
945 543 994 584 (b)
1013 543 1042 573 is
1057 543 1154 574 taken
1158 543 1253 584 first.
1285 544 1466 574 Deiotarus

289 598 385 628 could
398 603 453 629 not
466 598 636 629 maz‘ntaz'n
652 608 672 628 a
688 597 779 639 large
794 608 891 638 army
904 597 987 639 zflze
1001 597 1133 629 wished.
1164 600 1197 637 (ξ
1214 599 1268 639 23)
1284 599 1315 630 A
1314 599 1399 640 gain
1418 598 1463 639 (c)

290 652 362 682 that
387 651 425 683 lze
448 652 584 683 ordered
604 663 722 692 envoys
746 656 777 683 to
796 662 838 692 go
864 656 896 683 to
924 653 1097 691 Caecilius,
1122 663 1143 683 a
1163 653 1363 694 Pompeian:
1393 652 1468 694 they

291 706 427 747 refused,
455 706 526 736 ana'
547 716 631 737 were
660 707 813 738 arrested.
870 708 900 738 A
933 707 1031 747 likely
1052 711 1139 747 story
1169 707 1286 747 truly!
1342 707 1373 747 (ξ
1410 707 1464 749 24)

290 760 440 792 Another
460 760 599 801 charge:
633 761 683 801 (d)
710 760 784 792 tleat
806 761 988 793 Deiotarus
1010 767 1082 793 sent
1103 762 1161 793 but
1176 767 1259 804 poor
1279 762 1413 802 cavalry
1435 767 1466 793 to

288 820 422 857 support
441 817 467 847 C
467 826 570 847 aesar.

259 915 301 950 8.
334 910 497 960 Reliqua
526 924 614 961 pars
648 912 901 949 accusationis
935 912 1076 961 duplex
1110 911 1189 958 suit,
1224 924 1301 949 una
1335 924 1465 961 regem

203 989 354 1025 semper
388 977 426 1013 in
458 976 621 1025 speculis
649 976 773 1023 fuisse,
805 989 893 1014 cum
923 989 944 1014 a
973 984 1009 1015 te
1040 985 1138 1015 esset
1167 977 1297 1015 animo
1326 977 1464 1023 alieno,

203 1042 319 1080 altera
339 1043 548 1079 exercitum
569 1054 657 1080 eum
678 1050 811 1080 contra
831 1049 867 1080 te
888 1055 1073 1092 magnum
1088 1055 1346 1092 comparasse.
1405 1042 1465 1080 De

202 1108 370 1145 exercitu
391 1107 515 1145 dicam
537 1108 699 1145 breviter
729 1115 770 1145 ut
790 1115 928 1146 cetera.
986 1107 1213 1158 Numquam
1242 1121 1306 1146 eas
1334 1108 1465 1158 copias

202 1186 268 1211 rex
324 1172 530 1211 Deiotarus
583 1173 725 1219 habuit,
766 1174 905 1223 quibus
957 1173 1092 1211 inferre
1138 1173 1283 1211 bellum
1320 1173 1465 1223 populo

205 1238 388 1277 Romano
418 1246 561 1288 posset,
584 1239 651 1276 sed
681 1239 820 1288 quibus
851 1239 945 1276 fines
975 1251 1065 1276 suos
1094 1239 1144 1276 ab
1174 1239 1465 1277 excursionibus

202 1311 238 1342 et
277 1304 483 1342 latrociniis
522 1310 690 1342 tueretur
728 1312 765 1342 et
813 1304 1106 1353 imperatoribus
1146 1305 1284 1343 nostris
1323 1305 1465 1342 auxilia

203 1370 375 1407 mitteret.
434 1370 561 1420 Atque
601 1376 713 1407 antea
765 1369 920 1418 quidem
972 1370 1136 1407 maiores
1186 1371 1317 1420 copias
1366 1370 1464 1408 alere

143 1444 183 1475 23
203 1442 359 1484 poterat,
400 1448 501 1472 nunc
540 1435 700 1485 exiguas
739 1436 799 1472 vix
838 1436 931 1473 tueri
971 1441 1107 1484 potest.
1182 1436 1233 1472 At
1276 1435 1379 1473 misit
1415 1435 1464 1472 ad

203 1501 413 1538 Caecilium
440 1501 569 1539 nescio
605 1512 746 1550 quem3
787 1500 854 1538 sed
888 1513 967 1546 εοε,
999 1513 1095 1550 quos
1127 1501 1238 1546 misit,
1274 1501 1379 1550 quod
1411 1501 1463 1538 ire

203 1566 416 1611 noluerunt,
448 1566 486 1602 in
525 1565 649 1603 vincla
686 1566 857 1603 coniecit.
917 1565 1009 1603 Non
1043 1578 1198 1616 quaero,
1232 1579 1348 1616 quam
1387 1567 1463 1603 veri

202 1632 322 1669 simile
344 1632 389 1669 sit
410 1639 473 1668 aut
494 1644 574 1669 non
601 1631 781 1669 habuisse
808 1644 949 1681 regern,
972 1643 1070 1681 quos
1094 1631 1268 1677 mitteret,
1290 1638 1354 1668 aut
1382 1643 1461 1677 eos,

201 1709 298 1746 quos
328 1698 504 1742 misisset,
533 1709 612 1734 non
641 1697 824 1746 paruisse,
856 1704 930 1742 aut,
961 1697 1026 1747 qui
1061 1697 1162 1734 dicto
1196 1697 1395 1734 audientes
1424 1698 1462 1734 in

200 1769 373 1802 tanta,re
408 1775 487 1800 non
519 1762 688 1807 fuissent,
720 1774 787 1799 eos
816 1762 963 1800 vinctos
993 1762 1117 1811 potius
1147 1774 1263 1811 quam
1293 1770 1463 1800 necatos.

202 1827 278 1865 Sed
309 1835 450 1873 tamen,
483 1840 572 1865 cum
607 1827 656 1864 ad
692 1827 903 1865 Caecilium
936 1827 1119 1872 mittebat,
1150 1835 1275 1864 utrum
1306 1839 1462 1865 causam

201 1893 303 1931 illam
328 1895 464 1931 victam
495 1906 577 1931 esse
607 1894 802 1931 nesciebat
830 1906 878 1930 an
901 1893 1112 1931 Caecilium
1142 1893 1254 1930 istum
1277 1905 1461 1942 magnum

201 1958 399 1996 hominem
429 1959 614 2008 putabat?
644 1971 759 2008 quem
786 1959 958 2008 profecto
981 1958 1024 2004 is,
1044 1958 1110 2007 qui
1138 1958 1282 2007 optime
1308 1965 1462 1996 nostros

202 2024 380 2062 homines
401 2024 518 2070 novit,
538 2024 593 2061 vel
615 2024 704 2074 quia
724 2036 804 2061 non
825 2030 968 2070 nosset,
990 2023 1048 2061 vel
1073 2023 1103 2061 si
1124 2030 1264 2068 nosset,
1287 2030 1461 2061 contem-

142 2096 180 2124 24
202 2097 319 2127 neret.
375 2089 494 2126 Addit
522 2090 636 2127 etiam
666 2089 768 2134 illud,
798 2089 945 2138 equites
984 2100 1063 2126 non
1102 2089 1269 2138 optimos
1300 2089 1460 2127 misisse.

203 2155 341 2200 Credo,
364 2154 519 2200 Caesar,
541 2155 634 2192 nihil
666 2154 714 2192 ad
736 2162 843 2192 tuum
865 2154 1088 2203 equitatum,
1110 2153 1177 2191 sed
1205 2154 1307 2191 misit
1337 2167 1384 2192 ex
1405 2155 1460 2200 iis,

200 2233 299 2271 quos
338 2220 481 2267 habuit,
512 2220 666 2258 electos.
725 2220 789 2257 Ait
828 2219 960 2258 nescio
990 2231 1107 2269 quem
1136 2231 1184 2256 ex
1214 2232 1261 2257 eo
1295 2232 1460 2258 numero
