1659 2499
168 79 191 109 2
529 75 582 108 M.
619 75 765 107 TULLJ
795 74 1059 107 CICERONIS

166 188 203 219 et
217 181 357 219 comite
370 180 565 219 distracto.
612 181 718 231 Ergo
735 187 775 225 et
787 180 881 242 mihi
898 192 1006 240 meae
1021 180 1204 230 pristinae
1219 179 1316 218 vitae
1331 191 1423 218 con-

166 247 420 293 suetudinem,
442 246 485 285 C.
507 247 661 293 Caesar,
682 220 940 284 interclusam
954 234 1134 295 aperuisti
1160 245 1275 283 ethis
1298 246 1425 284 omni-

165 312 238 350 bus
258 312 306 349 ad
328 313 427 350 bene
451 312 498 350 de
518 313 624 351 omni
645 325 684 349 re
713 312 866 361 publica
887 311 1119 360 sperandum
1139 311 1249 361 quasi
1270 311 1424 360 signum

129 389 148 420 3
166 377 327 431 aliquod
348 378 540 415 sustulisti.
597 378 842 415 Intellectum
871 384 927 414 est
957 377 1058 413 enim
1087 376 1180 413 mihi
1201 377 1357 426 quidem
1386 377 1425 413 in

166 441 293 480 multis
318 450 354 480 et
380 455 560 481 maxume
587 443 626 479 in
652 455 714 480 me
746 444 840 492 ipso,
863 442 929 480 sed
956 419 1180 492 pffffinte
1202 439 1278 494 [in]
1302 442 1426 481 omni-

166 509 248 554 bus,
271 520 361 546 cum
390 507 445 545 M.
469 508 698 546 Marcellum
727 508 874 544 senatui
904 508 1033 557 reique
1063 508 1237 556 publicae
1265 520 1425 546 conces-

167 574 248 612 sisti
281 574 591 611 commemoratis
624 574 845 623 praesertim
875 573 1165 618 offensionibus,
1195 581 1231 611 te
1263 573 1427 611 auctori-

167 645 284 676 tatem
319 639 430 676 huius
464 639 608 676 ordinis
642 639 943 688 dignitatemque
977 639 1029 676 rei
1061 639 1236 688 publicae
1268 640 1342 676 tuis
1371 639 1428 676 vel

168 704 362 742 doloribus
376 704 433 742 vel
452 705 731 753 suspicionibus
753 703 949 741 anteferre.
999 704 1066 741 Ille
1086 704 1242 754 quidem
1264 705 1428 742 fructum

167 770 293 808 omnis
314 776 401 807 ante
427 778 532 807 actae
553 770 650 806 vitae
670 769 857 807 hodierno
878 769 938 807 die
967 781 1195 833 maxumum
1220 770 1320 835 cepit
1339 782 1459 831 cum„

100 845 148 886 (4)
169 847 322 872 summo
350 847 544 873 consensu
568 842 733 881 senatus,
760 843 840 872 tum
868 834 1008 872 iudicio
1031 822 1112 872 tuo
1125 834 1364 884 gravissumo
1393 836 1430 872 et

169 913 364 938 maxumo.
432 900 492 937 Ex
528 912 606 950 quo
640 900 815 949 profecto
849 900 1046 949 intellegis,
1080 907 1226 950 quanta
1260 902 1299 938 in
1338 900 1428 938 dato

131 979 149 1009 4
169 966 357 1004 beneficio
387 966 434 1003 sit
463 966 557 1009 laus,
583 977 671 1002 cum
703 966 741 1001 in
771 973 930 1014 accepto
960 966 1006 1002 sit
1037 974 1144 1003 tanta
1173 966 1304 1015 gloria.
1362 965 1431 1003 Est

169 1044 259 1069 vero
281 1031 491 1069 fortunatus
513 1030 583 1076 ille,
605 1031 712 1068 cuius
741 1043 788 1067 ex
819 1031 939 1068 salute
971 1044 1049 1068 non
1076 1032 1201 1070 minor
1230 1043 1354 1080 paene
1383 1031 1432 1068 ad

169 1109 317 1142 omnes,
347 1109 463 1146 quam
500 1097 548 1133 ad
583 1096 708 1145 ipsum
744 1104 902 1133 ventura
932 1097 990 1141 sit,
1020 1097 1160 1134 laetitia
1193 1097 1406 1146 pervenerit
1423 1109 1431 1142 ;

170 1163 276 1213 quod
297 1162 451 1212 quidem
474 1162 507 1199 ei
529 1162 666 1198 merito
687 1169 802 1211 atque
831 1162 979 1211 optimo
999 1162 1077 1199 iure
1105 1162 1275 1211 contigit.
1333 1161 1432 1208 Quis

170 1228 274 1265 enim
303 1235 358 1265 est
389 1227 452 1264 illo
482 1235 547 1264 aut
576 1227 771 1265 nobilitate
801 1234 865 1264 aut
893 1227 1082 1276 probitate
1107 1234 1172 1265 aut
1198 1228 1431 1277 optimarum

171 1293 306 1331 artium
350 1292 474 1330 studio
513 1300 577 1330 aut
627 1293 845 1330 innocentia
891 1300 955 1330 aut
1002 1293 1079 1330 ullo
1124 1293 1246 1331 laudis
1290 1305 1432 1343 genere
1483 1343 1499 1348 υ
1559 1304 1562 1306 ·

174 1359 454 1408 praestantior?
1049 1350 1067 1362 '
1108 1342 1239 1390 'Mill‘
1278 1344 1327 1380 μ
1417 1361 1422 1371 ’

175 1485 279 1515 First
296 1486 462 1516 division
487 1486 528 1517 of
546 1487 610 1516 the
633 1488 830 1522 argument
856 1486 911 1523 (ἐξ
933 1484 1045 1524 4⁴0)-
1097 1485 1198 1516 Greal
1219 1495 1255 1515 as
1275 1495 1333 1516 are
1345 1495 1436 1525 your

255 1543 336 1580 past
351 1539 499 1580 explens,
521 1540 653 1579 Caesar,
663 1551 731 1580 you
748 1539 830 1570 have
845 1538 1310 1580 surpassedyourselfto-day.

227 1644 271 1680 2.
311 1644 460 1682 Nullius
490 1653 634 1683 tanturn
667 1646 810 1684 flumen
840 1652 897 1683 est
928 1645 1082 1694 ingenii,
1113 1644 1252 1682 nullius
1280 1644 1433 1682 dicendi

173 1715 238 1747 aut
265 1710 455 1747 scribendi
482 1719 585 1748 tanta
609 1712 674 1757 vis,
699 1718 803 1748 tanta
832 1711 956 1760 copia,
977 1722 1076 1760 quae
1106 1722 1185 1748 non
1215 1710 1339 1747 dicam
1369 1723 1434 1748 ex-

173 1787 319 1820 ornare3
350 1776 417 1813 sed
451 1788 641 1822 enarrare,
671 1776 715 1814 C.
746 1775 903 1822 Caesar,
933 1788 991 1813 res
1025 1782 1109 1813 tuas
1141 1782 1269 1825 gestas
1301 1776 1433 1825 possit.

175 1840 328 1878 Tamen
361 1840 535 1886 adfirmo,
565 1850 601 1879 et
630 1841 703 1879 hoc
739 1854 834 1891 pace
869 1841 994 1879 dicam
1030 1849 1104 1886 tua,
1136 1841 1279 1878 nullam
1308 1841 1347 1878 in
1378 1840 1434 1878 his

176 1918 258 1944 esse
286 1906 441 1944 laudem
474 1907 701 1956 ampliorem
730 1919 849 1956 quam
883 1918 982 1952 eam,
1011 1918 1127 1955 quarn
1157 1906 1345 1944 hodierno
1375 1906 1435 1944 die

137 1979 404 2019 5consecutus
443 1984 495 2009 es.
553 1972 667 2009 Soleo
706 1984 820 2021 saepe
859 1980 945 2009 ante
981 1972 1114 2009 oculos
1146 1983 1291 2021 ponere
1321 1971 1435 2022 idque

177 2036 336 2074 libenter
369 2037 513 2074 crebris
548 2026 730 2087 usurpare
769 2037 1021 2082 sermonibus,
1053 2037 1180 2074 omnis
1217 2044 1435 2075 nostrorum

176 2102 458 2151 imperatorum,
491 2103 616 2139 omnis
669 2110 883 2140 exterarum
932 2102 1102 2151 gentium
1151 2102 1435 2151 potentissimo-

177 2178 340 2217 rumque
378 2167 624 2216 populorum,
677 2168 804 2204 omnis
854 2167 1152 2205 clarissimorum
1204 2179 1338 2216 regum
1376 2179 1435 2204 res

176 2238 304 2281 gestas
347 2242 436 2269 cum
482 2233 555 2270 tuis
598 2245 668 2270 nec
715 2233 1007 2270 contentionum
1053 2233 1316 2281 magnitudine
1366 2244 1436 2270 nec
