<?xml version="1.0" encoding="UTF-8"?>
<!DOCTYPE html PUBLIC "-//W3C//DTD XHTML 1.0 Transitional//EN"
    "http://www.w3.org/TR/xhtml1/DTD/xhtml1-transitional.dtd">
<html xmlns="http://www.w3.org/1999/xhtml" xml:lang="en" lang="en">
 <head>
  <title>
</title>
<meta http-equiv="Content-Type" content="text/html;charset=utf-8" />
  <meta name='ocr-system' content='tesseract 3.04.00' />
  <meta name='ocr-capabilities' content='ocr_page ocr_carea ocr_par ocr_line ocrx_word'/>
</head>
<body>
  <div class='ocr_page' id='page_1' title='image "./orationescaesar00ciceuoft/orationescaesar00ciceuoft_0049.png"; bbox 0 0 1659 2499; ppageno 0'>
   <div class='ocr_carea' id='block_1_1' title="bbox 258 79 1421 134">
    <p class='ocr_par' dir='ltr' id='par_1_1' title="bbox 258 79 1421 134">
     <span class='ocr_line' id='line_1_1' title="bbox 258 79 1421 134; baseline 0.002 -16"><span class='ocrx_word' id='word_1_1' title='bbox 258 85 351 118; x_wconf 68' lang='lat' dir='ltr'>meo</span> <span class='ocrx_word' id='word_1_2' title='bbox 383 85 520 117; x_wconf 77' lang='lat' dir='ltr'><em>REGE</em></span> <span class='ocrx_word' id='word_1_3' title='bbox 549 85 806 118; x_wconf 76' lang='lat' dir='ltr'><em>DEIOTARO</em></span> <span class='ocrx_word' id='word_1_4' title='bbox 841 86 1031 119; x_wconf 75' lang='lat' dir='ltr'><em>ORATIO.</em></span> <span class='ocrx_word' id='word_1_5' title='bbox 1094 79 1141 134; x_wconf 73' lang='lat'>§§</span> <span class='ocrx_word' id='word_1_6' title='bbox 1175 87 1327 134; x_wconf 84' lang='lat'><strong>25-29.</strong></span> <span class='ocrx_word' id='word_1_7' title='bbox 1371 93 1421 131; x_wconf 83' lang='lat'>41</span> 
     </span>
    </p>
   </div>
   <div class='ocr_carea' id='block_1_2' title="bbox 251 189 1430 398">
    <p class='ocr_par' dir='ltr' id='par_1_2' title="bbox 251 189 1430 398">
     <span class='ocr_line' id='line_1_2' title="bbox 252 189 1430 235; baseline 0.001 -14"><span class='ocrx_word' id='word_1_8' title='bbox 252 189 371 221; x_wconf 83' lang='lat' dir='ltr'><em>should</em></span> <span class='ocrx_word' id='word_1_9' title='bbox 391 195 446 221; x_wconf 84' lang='lat' dir='ltr'>not</span> <span class='ocrx_word' id='word_1_10' title='bbox 471 191 508 221; x_wconf 83' lang='lat' dir='ltr'>in</span> <span class='ocrx_word' id='word_1_11' title='bbox 528 200 619 231; x_wconf 81' lang='lat' dir='ltr'>your</span> <span class='ocrx_word' id='word_1_12' title='bbox 644 191 822 231; x_wconf 83' lang='lat' dir='ltr'>am&#39;mosity</span> <span class='ocrx_word' id='word_1_13' title='bbox 846 190 926 222; x_wconf 74' lang='lat' dir='ltr'>have</span> <span class='ocrx_word' id='word_1_14' title='bbox 949 197 995 223; x_wconf 79' lang='lat' dir='ltr'>sel</span> <span class='ocrx_word' id='word_1_15' title='bbox 1016 191 1070 224; x_wconf 72' lang='lat' dir='ltr'><em>tlzc</em></span> <span class='ocrx_word' id='word_1_16' title='bbox 1093 193 1175 223; x_wconf 78' lang='lat' dir='ltr'>laws</span> <span class='ocrx_word' id='word_1_17' title='bbox 1196 193 1236 234; x_wconf 87' lang='lat' dir='ltr'>of</span> <span class='ocrx_word' id='word_1_18' title='bbox 1250 193 1430 235; x_wconf 79' lang='lat' dir='ltr'>lmmanity</span> 
     </span>
     <span class='ocr_line' id='line_1_3' title="bbox 253 245 1407 288; baseline 0.002 -12"><span class='ocrx_word' id='word_1_19' title='bbox 253 249 289 276; x_wconf 84' lang='lat' dir='ltr'>al</span> <span class='ocrx_word' id='word_1_20' title='bbox 310 245 462 288; x_wconf 66' lang='lat' dir='ltr'>dffarece,</span> <span class='ocrx_word' id='word_1_21' title='bbox 488 245 526 286; x_wconf 61' lang='lat' dir='ltr'>ly</span> <span class='ocrx_word' id='word_1_22' title='bbox 548 245 689 285; x_wconf 69' lang='lat' dir='ltr'>arming</span> <span class='ocrx_word' id='word_1_23' title='bbox 711 256 731 276; x_wconf 91' lang='lat' dir='ltr'>a</span> <span class='ocrx_word' id='word_1_24' title='bbox 758 246 846 277; x_wconf 75' lang='lat' dir='ltr'>slave</span> <span class='ocrx_word' id='word_1_25' title='bbox 872 247 1006 287; x_wconf 76' lang='lat' dir='ltr'><em>against</em></span> <span class='ocrx_word' id='word_1_26' title='bbox 1037 247 1090 278; x_wconf 79' lang='lat' dir='ltr'>ln&#39;s</span> <span class='ocrx_word' id='word_1_27' title='bbox 1120 253 1251 279; x_wconf 75' lang='lat' dir='ltr'>maslcr.</span> <span class='ocrx_word' id='word_1_28' title='bbox 1310 250 1341 287; x_wconf 72' lang='grc' dir='ltr'>(ξ</span> <span class='ocrx_word' id='word_1_29' title='bbox 1371 257 1407 288; x_wconf 84' lang='lat'>31</span> 
     </span>
     <span class='ocr_line' id='line_1_4' title="bbox 261 300 1430 344; baseline 0.002 -13"><span class='ocrx_word' id='word_1_30' title='bbox 261 301 293 331; x_wconf 87' lang='grc' dir='ltr'><em>Τ</em></span> <span class='ocrx_word' id='word_1_31' title='bbox 288 300 327 331; x_wconf 76' lang='lat' dir='ltr'>lte</span> <span class='ocrx_word' id='word_1_32' title='bbox 347 311 415 331; x_wconf 82' lang='lat' dir='ltr'>case</span> <span class='ocrx_word' id='word_1_33' title='bbox 435 300 475 341; x_wconf 88' lang='lat' dir='ltr'>of</span> <span class='ocrx_word' id='word_1_34' title='bbox 489 301 549 332; x_wconf 84' lang='lat' dir='ltr'>Cn.</span> <span class='ocrx_word' id='word_1_35' title='bbox 566 300 759 331; x_wconf 84' lang='lat' dir='ltr'><em>Domitius:</em></span> <span class='ocrx_word' id='word_1_36' title='bbox 783 301 855 332; x_wconf 82' lang='lat' dir='ltr'>who</span> <span class='ocrx_word' id='word_1_37' title='bbox 882 301 1016 342; x_wconf 68' lang='lat' dir='ltr'>refused</span> <span class='ocrx_word' id='word_1_38' title='bbox 1032 306 1063 334; x_wconf 83' lang='lat' dir='ltr'>lo</span> <span class='ocrx_word' id='word_1_39' title='bbox 1087 307 1190 344; x_wconf 76' lang='lat' dir='ltr'>accept</span> <span class='ocrx_word' id='word_1_40' title='bbox 1211 303 1264 333; x_wconf 80' lang='lat' dir='ltr'>tlte</span> <span class='ocrx_word' id='word_1_41' title='bbox 1285 303 1430 334; x_wconf 63' lang='lat' dir='ltr'>evidence</span> 
     </span>
     <span class='ocr_line' id='line_1_5' title="bbox 251 354 1429 398; baseline 0 -12"><span class='ocrx_word' id='word_1_42' title='bbox 251 355 293 397; x_wconf 72' lang='lat' dir='ltr'>qf</span> <span class='ocrx_word' id='word_1_43' title='bbox 306 354 359 386; x_wconf 78' lang='lat' dir='ltr'>the</span> <span class='ocrx_word' id='word_1_44' title='bbox 381 355 468 386; x_wconf 78' lang='lat' dir='ltr'>slave</span> <span class='ocrx_word' id='word_1_45' title='bbox 491 354 531 396; x_wconf 85' lang='lat' dir='ltr'>os</span> <span class='ocrx_word' id='word_1_46' title='bbox 548 355 598 386; x_wconf 86' lang='lat' dir='ltr'>M.</span> <span class='ocrx_word' id='word_1_47' title='bbox 625 355 774 385; x_wconf 75' lang='lat' dir='ltr'>Ssaurus</span> <span class='ocrx_word' id='word_1_48' title='bbox 795 356 929 395; x_wconf 70' lang='lat' dir='ltr'>against</span> <span class='ocrx_word' id='word_1_49' title='bbox 953 355 1007 386; x_wconf 80' lang='lat' dir='ltr'>his</span> <span class='ocrx_word' id='word_1_50' title='bbox 1032 361 1163 388; x_wconf 82' lang='lat' dir='ltr'>master.</span> <span class='ocrx_word' id='word_1_51' title='bbox 1222 358 1254 398; x_wconf 72' lang='grc' dir='ltr'>(ξ</span> <span class='ocrx_word' id='word_1_52' title='bbox 1276 360 1332 397; x_wconf 82' lang='lat'>32)</span> <span class='ocrx_word' id='word_1_53' title='bbox 1364 358 1429 388; x_wconf 72' lang='lat' dir='ltr'>Yon</span> 
     </span>
    </p>
   </div>
   <div class='ocr_carea' id='block_1_3' title="bbox 247 408 1436 451">
    <p class='ocr_par' dir='ltr' id='par_1_3' title="bbox 247 408 1436 451">
     <span class='ocr_line' id='line_1_6' title="bbox 247 408 1436 451; baseline 0.001 -12"><span class='ocrx_word' id='word_1_54' title='bbox 247 409 348 450; x_wconf 72' lang='lat' dir='ltr'>plead</span> <span class='ocrx_word' id='word_1_55' title='bbox 360 408 433 440; x_wconf 75' lang='lat' dir='ltr'>that</span> <span class='ocrx_word' id='word_1_56' title='bbox 444 409 631 450; x_wconf 75' lang='lat' dir='ltr'><em>Phidippus</em></span> <span class='ocrx_word' id='word_1_57' title='bbox 641 408 700 439; x_wconf 79' lang='lat' dir='ltr'>kas</span> <span class='ocrx_word' id='word_1_58' title='bbox 715 409 792 449; x_wconf 81' lang='lat' dir='ltr'>only</span> <span class='ocrx_word' id='word_1_59' title='bbox 804 419 878 440; x_wconf 77' lang='lat' dir='ltr'>once</span> <span class='ocrx_word' id='word_1_60' title='bbox 895 410 969 440; x_wconf 75' lang='lat' dir='ltr'>been</span> <span class='ocrx_word' id='word_1_61' title='bbox 982 410 1096 441; x_wconf 74' lang='lat' dir='ltr'>brz&#39;bed</span> <span class='ocrx_word' id='word_1_62' title='bbox 1108 410 1146 449; x_wconf 70' lang='lat' dir='ltr'>by</span> <span class='ocrx_word' id='word_1_63' title='bbox 1155 421 1233 451; x_wconf 80' lang='lat' dir='ltr'><em>you.</em></span> <span class='ocrx_word' id='word_1_64' title='bbox 1285 412 1350 449; x_wconf 64' lang='lat'><em>12⁷5,</em></span> <span class='ocrx_word' id='word_1_65' title='bbox 1363 411 1436 442; x_wconf 78' lang='lat' dir='ltr'>and</span> 
     </span>
    </p>
   </div>
   <div class='ocr_carea' id='block_1_4' title="bbox 252 463 1307 507">
    <p class='ocr_par' dir='ltr' id='par_1_4' title="bbox 252 463 1307 507">
     <span class='ocr_line' id='line_1_7' title="bbox 252 463 1307 507; baseline 0.002 -12"><span class='ocrx_word' id='word_1_66' title='bbox 252 463 340 506; x_wconf 69' lang='lat' dir='ltr'>after</span> <span class='ocrx_word' id='word_1_67' title='bbox 348 465 473 506; x_wconf 63' lang='lat' dir='ltr'>giving</span> <span class='ocrx_word' id='word_1_68' title='bbox 485 465 537 495; x_wconf 73' lang='lat' dir='ltr'>ln&#39;s</span> <span class='ocrx_word' id='word_1_69' title='bbox 553 464 653 495; x_wconf 79' lang='lat' dir='ltr'>vcnal</span> <span class='ocrx_word' id='word_1_70' title='bbox 665 464 824 502; x_wconf 64' lang='lat' dir='ltr'>evidence,</span> <span class='ocrx_word' id='word_1_71' title='bbox 842 465 880 495; x_wconf 80' lang='lat' dir='ltr'>l1c</span> <span class='ocrx_word' id='word_1_72' title='bbox 896 465 1142 505; x_wconf 58' lang='lat' dir='ltr'>acknowlmssml</span> <span class='ocrx_word' id='word_1_73' title='bbox 1153 466 1207 497; x_wconf 80' lang='lat' dir='ltr'>the</span> <span class='ocrx_word' id='word_1_74' title='bbox 1211 465 1307 507; x_wconf 55' lang='lat' dir='ltr'>facts</span> 
     </span>
    </p>
   </div>
   <div class='ocr_carea' id='block_1_5' title="bbox 165 581 1433 2274">
    <p class='ocr_par' dir='ltr' id='par_1_5' title="bbox 165 581 1433 2274">
     <span class='ocr_line' id='line_1_8' title="bbox 222 581 1428 634; baseline 0.002 -15"><span class='ocrx_word' id='word_1_75' title='bbox 222 586 299 624; x_wconf 86' lang='lat'>10.</span> <span class='ocrx_word' id='word_1_76' title='bbox 329 582 487 627; x_wconf 79' lang='lat' dir='ltr'>Imitari,</span> <span class='ocrx_word' id='word_1_77' title='bbox 520 581 669 627; x_wconf 85' lang='lat' dir='ltr'>Castor,</span> <span class='ocrx_word' id='word_1_78' title='bbox 700 583 829 632; x_wconf 92' lang='lat' dir='ltr'>potius</span> <span class='ocrx_word' id='word_1_79' title='bbox 863 583 920 620; x_wconf 88' lang='lat' dir='ltr'>avi</span> <span class='ocrx_word' id='word_1_80' title='bbox 950 594 1078 620; x_wconf 90' lang='lat' dir='ltr'>mores</span> <span class='ocrx_word' id='word_1_81' title='bbox 1108 583 1428 634; x_wconf 86' lang='lat' dir='ltr'>disciplinamque</span> 
     </span>
     <span class='ocr_line' id='line_1_9' title="bbox 165 647 1430 698; baseline 0.001 -13"><span class='ocrx_word' id='word_1_82' title='bbox 165 647 333 686; x_wconf 84' lang='lat' dir='ltr'>debebas</span> <span class='ocrx_word' id='word_1_83' title='bbox 362 660 480 698; x_wconf 89' lang='lat' dir='ltr'>quam</span> <span class='ocrx_word' id='word_1_84' title='bbox 500 647 648 697; x_wconf 91' lang='lat' dir='ltr'>optimo</span> <span class='ocrx_word' id='word_1_85' title='bbox 669 655 705 684; x_wconf 92' lang='lat' dir='ltr'>et</span> <span class='ocrx_word' id='word_1_86' title='bbox 725 647 936 686; x_wconf 88' lang='lat' dir='ltr'>clarissimo</span> <span class='ocrx_word' id='word_1_87' title='bbox 962 648 1043 685; x_wconf 87' lang='lat' dir='ltr'>viro</span> <span class='ocrx_word' id='word_1_88' title='bbox 1064 648 1207 698; x_wconf 85' lang='lat' dir='ltr'>fugitivi</span> <span class='ocrx_word' id='word_1_89' title='bbox 1239 661 1304 686; x_wconf 92' lang='lat' dir='ltr'>ore</span> <span class='ocrx_word' id='word_1_90' title='bbox 1332 649 1430 686; x_wconf 80' lang='lat' dir='ltr'>male</span> 
     </span>
     <span class='ocr_line' id='line_1_10' title="bbox 166 712 1429 764; baseline 0.001 -14"><span class='ocrx_word' id='word_1_91' title='bbox 166 712 301 751; x_wconf 84' lang='lat' dir='ltr'>dicere.</span> <span class='ocrx_word' id='word_1_92' title='bbox 359 713 510 761; x_wconf 87' lang='lat' dir='ltr'>Quodsi</span> <span class='ocrx_word' id='word_1_93' title='bbox 542 713 761 751; x_wconf 81' lang='lat' dir='ltr'>saltatorem</span> <span class='ocrx_word' id='word_1_94' title='bbox 793 725 905 750; x_wconf 90' lang='lat' dir='ltr'>avum</span> <span class='ocrx_word' id='word_1_95' title='bbox 938 713 1137 752; x_wconf 84' lang='lat' dir='ltr'>habuisses</span> <span class='ocrx_word' id='word_1_96' title='bbox 1176 727 1302 764; x_wconf 88' lang='lat' dir='ltr'>neque</span> <span class='ocrx_word' id='word_1_97' title='bbox 1340 727 1429 752; x_wconf 90' lang='lat' dir='ltr'>eum</span> 
     </span>
     <span class='ocr_line' id='line_1_11' title="bbox 166 778 1428 830; baseline 0.002 -15"><span class='ocrx_word' id='word_1_98' title='bbox 166 779 299 823; x_wconf 83' lang='lat' dir='ltr'>virum,</span> <span class='ocrx_word' id='word_1_99' title='bbox 331 779 435 816; x_wconf 91' lang='lat' dir='ltr'>unde</span> <span class='ocrx_word' id='word_1_100' title='bbox 469 778 624 829; x_wconf 87' lang='lat' dir='ltr'>pudoris</span> <span class='ocrx_word' id='word_1_101' title='bbox 661 778 944 829; x_wconf 82' lang='lat' dir='ltr'>pudicitiaeque</span> <span class='ocrx_word' id='word_1_102' title='bbox 983 780 1160 830; x_wconf 80' lang='lat' dir='ltr'>exempla</span> <span class='ocrx_word' id='word_1_103' title='bbox 1198 787 1428 830; x_wconf 87' lang='lat' dir='ltr'>peterentur.</span> 
     </span>
     <span class='ocr_line' id='line_1_12' title="bbox 167 844 1430 884; baseline 0.001 -3"><span class='ocrx_word' id='word_1_104' title='bbox 167 852 297 882; x_wconf 89' lang='lat' dir='ltr'>tamen</span> <span class='ocrx_word' id='word_1_105' title='bbox 318 844 392 882; x_wconf 93' lang='lat' dir='ltr'>hoc</span> <span class='ocrx_word' id='word_1_106' title='bbox 414 845 659 882; x_wconf 89' lang='lat' dir='ltr'>maledictum</span> <span class='ocrx_word' id='word_1_107' title='bbox 681 844 838 882; x_wconf 89' lang='lat' dir='ltr'>minime</span> <span class='ocrx_word' id='word_1_108' title='bbox 862 845 900 882; x_wconf 89' lang='lat' dir='ltr'>in</span> <span class='ocrx_word' id='word_1_109' title='bbox 931 845 1034 882; x_wconf 85' lang='lat' dir='ltr'>illam</span> <span class='ocrx_word' id='word_1_110' title='bbox 1064 852 1228 883; x_wconf 87' lang='lat' dir='ltr'>aetatem</span> <span class='ocrx_word' id='word_1_111' title='bbox 1252 847 1430 884; x_wconf 89' lang='lat' dir='ltr'>conveni-</span> 
     </span>
     <span class='ocr_line' id='line_1_13' title="bbox 167 910 1429 958; baseline 0.002 -11"><span class='ocrx_word' id='word_1_112' title='bbox 167 917 232 948; x_wconf 89' lang='lat' dir='ltr'>ret.</span> <span class='ocrx_word' id='word_1_113' title='bbox 291 910 442 958; x_wconf 86' lang='lat' dir='ltr'>Quibus</span> <span class='ocrx_word' id='word_1_114' title='bbox 472 911 533 948; x_wconf 90' lang='lat' dir='ltr'>ille</span> <span class='ocrx_word' id='word_1_115' title='bbox 565 910 698 948; x_wconf 84' lang='lat' dir='ltr'>studiis</span> <span class='ocrx_word' id='word_1_116' title='bbox 735 911 784 948; x_wconf 88' lang='lat' dir='ltr'>ab</span> <span class='ocrx_word' id='word_1_117' title='bbox 815 911 969 948; x_wconf 89' lang='lat' dir='ltr'>ineunte</span> <span class='ocrx_word' id='word_1_118' title='bbox 1003 919 1126 949; x_wconf 88' lang='lat' dir='ltr'>aetate</span> <span class='ocrx_word' id='word_1_119' title='bbox 1167 925 1206 950; x_wconf 92' lang='lat' dir='ltr'>se</span> <span class='ocrx_word' id='word_1_120' title='bbox 1246 913 1429 954; x_wconf 76' lang='lat' dir='ltr'>inbuerat‚</span> 
     </span>
     <span class='ocr_line' id='line_1_14' title="bbox 166 976 1429 1027; baseline 0.002 -14"><span class='ocrx_word' id='word_1_121' title='bbox 166 988 247 1014; x_wconf 92' lang='lat' dir='ltr'>non</span> <span class='ocrx_word' id='word_1_122' title='bbox 268 976 442 1022; x_wconf 86' lang='lat' dir='ltr'>saltandi,</span> <span class='ocrx_word' id='word_1_123' title='bbox 465 976 532 1014; x_wconf 91' lang='lat' dir='ltr'>sed</span> <span class='ocrx_word' id='word_1_124' title='bbox 553 977 651 1014; x_wconf 86' lang='lat' dir='ltr'>bene</span> <span class='ocrx_word' id='word_1_125' title='bbox 672 982 713 1013; x_wconf 92' lang='lat' dir='ltr'>ut</span> <span class='ocrx_word' id='word_1_126' title='bbox 733 976 860 1022; x_wconf 86' lang='lat' dir='ltr'>armis,</span> <span class='ocrx_word' id='word_1_127' title='bbox 882 977 1027 1025; x_wconf 89' lang='lat' dir='ltr'>optime</span> <span class='ocrx_word' id='word_1_128' title='bbox 1054 983 1096 1014; x_wconf 90' lang='lat' dir='ltr'>ut</span> <span class='ocrx_word' id='word_1_129' title='bbox 1116 978 1222 1027; x_wconf 91' lang='lat' dir='ltr'>equis</span> <span class='ocrx_word' id='word_1_130' title='bbox 1250 986 1429 1023; x_wconf 90' lang='lat' dir='ltr'>uteretur,</span> 
     </span>
     <span class='ocr_line' id='line_1_15' title="bbox 167 1041 1431 1082; baseline 0.002 -3"><span class='ocrx_word' id='word_1_131' title='bbox 167 1053 213 1079; x_wconf 89' lang='lat' dir='ltr'>ea</span> <span class='ocrx_word' id='word_1_132' title='bbox 250 1049 379 1080; x_wconf 90' lang='lat' dir='ltr'>tamen</span> <span class='ocrx_word' id='word_1_133' title='bbox 419 1042 524 1079; x_wconf 91' lang='lat' dir='ltr'>illum</span> <span class='ocrx_word' id='word_1_134' title='bbox 565 1049 703 1080; x_wconf 89' lang='lat' dir='ltr'>cuncta</span> <span class='ocrx_word' id='word_1_135' title='bbox 751 1041 826 1079; x_wconf 88' lang='lat' dir='ltr'>iarn</span> <span class='ocrx_word' id='word_1_136' title='bbox 865 1049 1000 1080; x_wconf 86' lang='lat' dir='ltr'>exacta</span> <span class='ocrx_word' id='word_1_137' title='bbox 1039 1049 1161 1081; x_wconf 87' lang='lat' dir='ltr'>aetate</span> <span class='ocrx_word' id='word_1_138' title='bbox 1204 1043 1431 1082; x_wconf 87' lang='lat' dir='ltr'>defecerant-</span> 
     </span>
     <span class='ocr_line' id='line_1_16' title="bbox 166 1106 1431 1159; baseline 0.003 -16"><span class='ocrx_word' id='word_1_139' title='bbox 166 1106 302 1157; x_wconf 88' lang='lat' dir='ltr'>Itaque</span> <span class='ocrx_word' id='word_1_140' title='bbox 322 1106 548 1145; x_wconf 81' lang='lat' dir='ltr'>Deiotarum</span> <span class='ocrx_word' id='word_1_141' title='bbox 569 1119 658 1145; x_wconf 91' lang='lat' dir='ltr'>cum</span> <span class='ocrx_word' id='word_1_142' title='bbox 679 1106 808 1156; x_wconf 89' lang='lat' dir='ltr'>plures</span> <span class='ocrx_word' id='word_1_143' title='bbox 829 1108 866 1144; x_wconf 89' lang='lat' dir='ltr'>in</span> <span class='ocrx_word' id='word_1_144' title='bbox 887 1120 1030 1157; x_wconf 89' lang='lat' dir='ltr'>equum</span> <span class='ocrx_word' id='word_1_145' title='bbox 1052 1108 1304 1155; x_wconf 76' lang='lat' dir='ltr'>sustulissent,</span> <span class='ocrx_word' id='word_1_146' title='bbox 1325 1110 1431 1159; x_wconf 90' lang='lat' dir='ltr'>quod</span> 
     </span>
     <span class='ocr_line' id='line_1_17' title="bbox 166 1172 1431 1222; baseline 0.002 -13"><span class='ocrx_word' id='word_1_147' title='bbox 166 1172 321 1210; x_wconf 85' lang='lat' dir='ltr'>haerere</span> <span class='ocrx_word' id='word_1_148' title='bbox 341 1172 379 1210; x_wconf 90' lang='lat' dir='ltr'>in</span> <span class='ocrx_word' id='word_1_149' title='bbox 400 1185 446 1211; x_wconf 93' lang='lat' dir='ltr'>eo</span> <span class='ocrx_word' id='word_1_150' title='bbox 474 1185 591 1211; x_wconf 86' lang='lat' dir='ltr'>senex</span> <span class='ocrx_word' id='word_1_151' title='bbox 613 1180 755 1222; x_wconf 89' lang='lat' dir='ltr'>posset,</span> <span class='ocrx_word' id='word_1_152' title='bbox 776 1172 956 1210; x_wconf 88' lang='lat' dir='ltr'>admirari</span> <span class='ocrx_word' id='word_1_153' title='bbox 987 1173 1229 1220; x_wconf 88' lang='lat' dir='ltr'>solebamus;</span> <span class='ocrx_word' id='word_1_154' title='bbox 1260 1174 1320 1212; x_wconf 91' lang='lat' dir='ltr'>hic</span> <span class='ocrx_word' id='word_1_155' title='bbox 1342 1187 1431 1213; x_wconf 85' lang='lat' dir='ltr'>vero</span> 
     </span>
     <span class='ocr_line' id='line_1_18' title="bbox 166 1238 1431 1288; baseline 0.002 -12"><span class='ocrx_word' id='word_1_156' title='bbox 166 1238 404 1285; x_wconf 81' lang='lat' dir='ltr'>adulescens,</span> <span class='ocrx_word' id='word_1_157' title='bbox 440 1239 504 1288; x_wconf 91' lang='lat' dir='ltr'>qui</span> <span class='ocrx_word' id='word_1_158' title='bbox 535 1250 645 1276; x_wconf 91' lang='lat' dir='ltr'>meus</span> <span class='ocrx_word' id='word_1_159' title='bbox 679 1239 717 1275; x_wconf 90' lang='lat' dir='ltr'>in</span> <span class='ocrx_word' id='word_1_160' title='bbox 751 1238 886 1276; x_wconf 81' lang='lat' dir='ltr'>Cilicia</span> <span class='ocrx_word' id='word_1_161' title='bbox 917 1239 1036 1285; x_wconf 87' lang='lat' dir='ltr'>miles,</span> <span class='ocrx_word' id='word_1_162' title='bbox 1067 1239 1105 1276; x_wconf 91' lang='lat' dir='ltr'>in</span> <span class='ocrx_word' id='word_1_163' title='bbox 1136 1239 1301 1277; x_wconf 83' lang='lat' dir='ltr'>Graecia</span> <span class='ocrx_word' id='word_1_164' title='bbox 1326 1253 1431 1278; x_wconf 92' lang='lat' dir='ltr'>com-</span> 
     </span>
     <span class='ocr_line' id='line_1_19' title="bbox 167 1303 1432 1354; baseline 0.002 -14"><span class='ocrx_word' id='word_1_165' title='bbox 167 1303 290 1342; x_wconf 90' lang='lat' dir='ltr'>milito</span> <span class='ocrx_word' id='word_1_166' title='bbox 311 1304 389 1349; x_wconf 89' lang='lat' dir='ltr'>fuit,</span> <span class='ocrx_word' id='word_1_167' title='bbox 411 1316 500 1341; x_wconf 93' lang='lat' dir='ltr'>cum</span> <span class='ocrx_word' id='word_1_168' title='bbox 523 1305 562 1341; x_wconf 93' lang='lat' dir='ltr'>in</span> <span class='ocrx_word' id='word_1_169' title='bbox 585 1303 649 1341; x_wconf 91' lang='lat' dir='ltr'>illo</span> <span class='ocrx_word' id='word_1_170' title='bbox 670 1310 802 1342; x_wconf 90' lang='lat' dir='ltr'>nostro</span> <span class='ocrx_word' id='word_1_171' title='bbox 830 1304 1002 1341; x_wconf 83' lang='lat' dir='ltr'>exercitu</span> <span class='ocrx_word' id='word_1_172' title='bbox 1027 1305 1213 1354; x_wconf 83' lang='lat' dir='ltr'>equitaret</span> <span class='ocrx_word' id='word_1_173' title='bbox 1235 1317 1323 1343; x_wconf 92' lang='lat' dir='ltr'>cum</span> <span class='ocrx_word' id='word_1_174' title='bbox 1353 1307 1432 1343; x_wconf 83' lang='lat' dir='ltr'>suis</span> 
     </span>
     <span class='ocr_line' id='line_1_20' title="bbox 167 1369 1431 1421; baseline 0.002 -14"><span class='ocrx_word' id='word_1_175' title='bbox 167 1369 322 1407; x_wconf 87' lang='lat' dir='ltr'>delectis</span> <span class='ocrx_word' id='word_1_176' title='bbox 342 1370 542 1419; x_wconf 88' lang='lat' dir='ltr'>equitibus,</span> <span class='ocrx_word' id='word_1_177' title='bbox 564 1382 663 1420; x_wconf 91' lang='lat' dir='ltr'>quos</span> <span class='ocrx_word' id='word_1_178' title='bbox 693 1382 771 1407; x_wconf 90' lang='lat' dir='ltr'>una</span> <span class='ocrx_word' id='word_1_179' title='bbox 800 1382 888 1407; x_wconf 93' lang='lat' dir='ltr'>cum</span> <span class='ocrx_word' id='word_1_180' title='bbox 917 1382 966 1407; x_wconf 91' lang='lat' dir='ltr'>eo</span> <span class='ocrx_word' id='word_1_181' title='bbox 986 1371 1035 1408; x_wconf 88' lang='lat' dir='ltr'>ad</span> <span class='ocrx_word' id='word_1_182' title='bbox 1066 1370 1295 1420; x_wconf 90' lang='lat' dir='ltr'>Pompeium</span> <span class='ocrx_word' id='word_1_183' title='bbox 1325 1378 1431 1421; x_wconf 87' lang='lat' dir='ltr'>pater</span> 
     </span>
     <span class='ocr_line' id='line_1_21' title="bbox 166 1435 1430 1486; baseline 0.002 -14"><span class='ocrx_word' id='word_1_184' title='bbox 166 1435 333 1481; x_wconf 85' lang='lat' dir='ltr'>miserat,</span> <span class='ocrx_word' id='word_1_185' title='bbox 356 1447 456 1485; x_wconf 89' lang='lat' dir='ltr'>quos</span> <span class='ocrx_word' id='word_1_186' title='bbox 482 1447 694 1473; x_wconf 82' lang='lat' dir='ltr'>concursus</span> <span class='ocrx_word' id='word_1_187' title='bbox 727 1435 851 1472; x_wconf 89' lang='lat' dir='ltr'>facere</span> <span class='ocrx_word' id='word_1_188' title='bbox 882 1435 1043 1481; x_wconf 86' lang='lat' dir='ltr'>solebat,</span> <span class='ocrx_word' id='word_1_189' title='bbox 1064 1448 1180 1486; x_wconf 86' lang='lat' dir='ltr'>quam</span> <span class='ocrx_word' id='word_1_190' title='bbox 1215 1448 1254 1474; x_wconf 91' lang='lat' dir='ltr'>se</span> <span class='ocrx_word' id='word_1_191' title='bbox 1279 1437 1430 1480; x_wconf 83' lang='lat' dir='ltr'>iactare,</span> 
     </span>
     <span class='ocr_line' id='line_1_22' title="bbox 167 1501 1431 1550; baseline 0.002 -12"><span class='ocrx_word' id='word_1_192' title='bbox 167 1512 285 1550; x_wconf 89' lang='lat' dir='ltr'>quam</span> <span class='ocrx_word' id='word_1_193' title='bbox 324 1508 527 1546; x_wconf 88' lang='lat' dir='ltr'>ostentare,</span> <span class='ocrx_word' id='word_1_194' title='bbox 567 1513 684 1550; x_wconf 90' lang='lat' dir='ltr'>quam</span> <span class='ocrx_word' id='word_1_195' title='bbox 723 1501 867 1538; x_wconf 88' lang='lat' dir='ltr'>nemini</span> <span class='ocrx_word' id='word_1_196' title='bbox 906 1501 943 1537; x_wconf 92' lang='lat' dir='ltr'>in</span> <span class='ocrx_word' id='word_1_197' title='bbox 982 1501 1044 1539; x_wconf 90' lang='lat' dir='ltr'>illa</span> <span class='ocrx_word' id='word_1_198' title='bbox 1082 1514 1199 1540; x_wconf 91' lang='lat' dir='ltr'>causa</span> <span class='ocrx_word' id='word_1_199' title='bbox 1236 1502 1362 1540; x_wconf 88' lang='lat' dir='ltr'>studio</span> <span class='ocrx_word' id='word_1_200' title='bbox 1394 1510 1431 1540; x_wconf 90' lang='lat' dir='ltr'>et</span> 
     </span>
     <span class='ocr_line' id='line_1_23' title="bbox 165 1566 1431 1618; baseline 0.002 -15"><span class='ocrx_word' id='word_1_201' title='bbox 165 1566 370 1616; x_wconf 89' lang='lat' dir='ltr'>cupiditate</span> <span class='ocrx_word' id='word_1_202' title='bbox 404 1567 643 1604; x_wconf 87' lang='lat' dir='ltr'>concedere!</span> <span class='ocrx_word' id='word_1_203' title='bbox 701 1567 801 1606; x_wconf 89' lang='lat' dir='ltr'>Cum</span> <span class='ocrx_word' id='word_1_204' title='bbox 836 1580 926 1605; x_wconf 88' lang='lat' dir='ltr'>vero</span> <span class='ocrx_word' id='word_1_205' title='bbox 957 1568 1125 1605; x_wconf 81' lang='lat' dir='ltr'>exercitu</span> <span class='ocrx_word' id='word_1_206' title='bbox 1165 1569 1306 1606; x_wconf 83' lang='lat' dir='ltr'>amisso</span> <span class='ocrx_word' id='word_1_207' title='bbox 1345 1580 1431 1618; x_wconf 83' lang='lat' dir='ltr'>ego,</span> 
     </span>
     <span class='ocr_line' id='line_1_24' title="bbox 166 1629 1431 1686; baseline 0.001 -17"><span class='ocrx_word' id='word_1_208' title='bbox 166 1632 232 1681; x_wconf 91' lang='lat' dir='ltr'>qui</span> <span class='ocrx_word' id='word_1_209' title='bbox 252 1633 357 1682; x_wconf 88' lang='lat' dir='ltr'>pacis</span> <span class='ocrx_word' id='word_1_210' title='bbox 378 1644 529 1682; x_wconf 88' lang='lat' dir='ltr'>semper</span> <span class='ocrx_word' id='word_1_211' title='bbox 557 1638 690 1670; x_wconf 87' lang='lat' dir='ltr'>auctor</span> <span class='ocrx_word' id='word_1_212' title='bbox 719 1632 781 1679; x_wconf 90' lang='lat' dir='ltr'>fui,</span> <span class='ocrx_word' id='word_1_213' title='bbox 810 1629 914 1684; x_wconf 87' lang='lat' dir='ltr'>[post</span> <span class='ocrx_word' id='word_1_214' title='bbox 943 1632 1202 1671; x_wconf 89' lang='lat' dir='ltr'>Pharsalicum</span> <span class='ocrx_word' id='word_1_215' title='bbox 1225 1631 1431 1686; x_wconf 90' lang='lat' dir='ltr'>proelium]</span> 
     </span>
     <span class='ocr_line' id='line_1_25' title="bbox 168 1697 1433 1747; baseline 0.001 -11"><span class='ocrx_word' id='word_1_216' title='bbox 168 1710 301 1736; x_wconf 87' lang='lat' dir='ltr'>suasor</span> <span class='ocrx_word' id='word_1_217' title='bbox 329 1697 485 1735; x_wconf 89' lang='lat' dir='ltr'>fuissem</span> <span class='ocrx_word' id='word_1_218' title='bbox 518 1710 712 1736; x_wconf 87' lang='lat' dir='ltr'>armorum</span> <span class='ocrx_word' id='word_1_219' title='bbox 744 1710 823 1735; x_wconf 90' lang='lat' dir='ltr'>non</span> <span class='ocrx_word' id='word_1_220' title='bbox 853 1697 1135 1747; x_wconf 89' lang='lat' dir='ltr'>ponendorum,</span> <span class='ocrx_word' id='word_1_221' title='bbox 1167 1699 1235 1736; x_wconf 90' lang='lat' dir='ltr'>sed</span> <span class='ocrx_word' id='word_1_222' title='bbox 1263 1699 1433 1737; x_wconf 89' lang='lat' dir='ltr'>abicien-</span> 
     </span>
     <span class='ocr_line' id='line_1_26' title="bbox 167 1763 1430 1814; baseline 0.001 -13"><span class='ocrx_word' id='word_1_223' title='bbox 167 1764 316 1810; x_wconf 88' lang='lat' dir='ltr'>dorum,</span> <span class='ocrx_word' id='word_1_224' title='bbox 337 1763 439 1801; x_wconf 91' lang='lat' dir='ltr'>hune</span> <span class='ocrx_word' id='word_1_225' title='bbox 468 1763 516 1801; x_wconf 90' lang='lat' dir='ltr'>ad</span> <span class='ocrx_word' id='word_1_226' title='bbox 546 1776 672 1801; x_wconf 89' lang='lat' dir='ltr'>meam</span> <span class='ocrx_word' id='word_1_227' title='bbox 699 1764 964 1802; x_wconf 87' lang='lat' dir='ltr'>auctoritatem</span> <span class='ocrx_word' id='word_1_228' title='bbox 994 1776 1074 1801; x_wconf 93' lang='lat' dir='ltr'>non</span> <span class='ocrx_word' id='word_1_229' title='bbox 1094 1765 1201 1814; x_wconf 80' lang='lat' dir='ltr'>potui</span> <span class='ocrx_word' id='word_1_230' title='bbox 1230 1764 1430 1810; x_wconf 80' lang='lat' dir='ltr'>adducere,</span> 
     </span>
     <span class='ocr_line' id='line_1_27' title="bbox 167 1828 1431 1879; baseline 0 -13"><span class='ocrx_word' id='word_1_231' title='bbox 167 1828 273 1879; x_wconf 93' lang='lat' dir='ltr'>quod</span> <span class='ocrx_word' id='word_1_232' title='bbox 292 1836 329 1866; x_wconf 90' lang='lat' dir='ltr'>et</span> <span class='ocrx_word' id='word_1_233' title='bbox 349 1829 430 1879; x_wconf 91' lang='lat' dir='ltr'>ipse</span> <span class='ocrx_word' id='word_1_234' title='bbox 450 1829 609 1867; x_wconf 87' lang='lat' dir='ltr'>ardebat</span> <span class='ocrx_word' id='word_1_235' title='bbox 630 1829 754 1867; x_wconf 88' lang='lat' dir='ltr'>studio</span> <span class='ocrx_word' id='word_1_236' title='bbox 774 1829 873 1866; x_wconf 90' lang='lat' dir='ltr'>illius</span> <span class='ocrx_word' id='word_1_237' title='bbox 893 1829 982 1866; x_wconf 91' lang='lat' dir='ltr'>belli</span> <span class='ocrx_word' id='word_1_238' title='bbox 1003 1836 1039 1867; x_wconf 91' lang='lat' dir='ltr'>et</span> <span class='ocrx_word' id='word_1_239' title='bbox 1060 1830 1157 1879; x_wconf 88' lang='lat' dir='ltr'>patri</span> <span class='ocrx_word' id='word_1_240' title='bbox 1179 1830 1268 1867; x_wconf 86' lang='lat' dir='ltr'>satis</span> <span class='ocrx_word' id='word_1_241' title='bbox 1288 1830 1431 1868; x_wconf 88' lang='lat' dir='ltr'>facien-</span> 
     </span>
     <span class='ocr_line' id='line_1_28' title="bbox 168 1894 1432 1945; baseline 0 -13"><span class='ocrx_word' id='word_1_242' title='bbox 168 1895 260 1933; x_wconf 91' lang='lat' dir='ltr'>dum</span> <span class='ocrx_word' id='word_1_243' title='bbox 288 1906 371 1932; x_wconf 91' lang='lat' dir='ltr'>esse</span> <span class='ocrx_word' id='word_1_244' title='bbox 401 1895 663 1932; x_wconf 87' lang='lat' dir='ltr'>arbitrabatur.</span> <span class='ocrx_word' id='word_1_245' title='bbox 723 1894 829 1932; x_wconf 85' lang='lat' dir='ltr'>Felix</span> <span class='ocrx_word' id='word_1_246' title='bbox 859 1895 929 1932; x_wconf 89' lang='lat' dir='ltr'>ista</span> <span class='ocrx_word' id='word_1_247' title='bbox 959 1894 1110 1941; x_wconf 88' lang='lat' dir='ltr'>domus,</span> <span class='ocrx_word' id='word_1_248' title='bbox 1140 1907 1238 1945; x_wconf 87' lang='lat' dir='ltr'>quae</span> <span class='ocrx_word' id='word_1_249' title='bbox 1268 1907 1346 1932; x_wconf 92' lang='lat' dir='ltr'>non</span> <span class='ocrx_word' id='word_1_250' title='bbox 1376 1896 1432 1932; x_wconf 91' lang='lat' dir='ltr'>in-</span> 
     </span>
     <span class='ocr_line' id='line_1_29' title="bbox 167 1960 1430 2010; baseline -0.001 -12"><span class='ocrx_word' id='word_1_251' title='bbox 167 1961 377 2010; x_wconf 89' lang='lat' dir='ltr'>punitatem</span> <span class='ocrx_word' id='word_1_252' title='bbox 397 1960 523 1998; x_wconf 90' lang='lat' dir='ltr'>solum</span> <span class='ocrx_word' id='word_1_253' title='bbox 545 1960 685 2010; x_wconf 88' lang='lat' dir='ltr'>adepta</span> <span class='ocrx_word' id='word_1_254' title='bbox 705 1960 763 2007; x_wconf 91' lang='lat' dir='ltr'>sit,</span> <span class='ocrx_word' id='word_1_255' title='bbox 781 1960 846 1998; x_wconf 90' lang='lat' dir='ltr'>sed</span> <span class='ocrx_word' id='word_1_256' title='bbox 867 1961 1078 1998; x_wconf 87' lang='lat' dir='ltr'>accusandi</span> <span class='ocrx_word' id='word_1_257' title='bbox 1094 1960 1208 1998; x_wconf 88' lang='lat' dir='ltr'>etiam</span> <span class='ocrx_word' id='word_1_258' title='bbox 1227 1960 1430 2005; x_wconf 77' lang='lat' dir='ltr'>licentiam⁷</span> 
     </span>
     <span class='ocr_line' id='line_1_30' title="bbox 167 2025 1431 2077; baseline 0.001 -14"><span class='ocrx_word' id='word_1_259' title='bbox 167 2025 412 2064; x_wconf 89' lang='lat' dir='ltr'>calamitosus</span> <span class='ocrx_word' id='word_1_260' title='bbox 440 2025 658 2073; x_wconf 88' lang='lat' dir='ltr'>Deiotarus,</span> <span class='ocrx_word' id='word_1_261' title='bbox 680 2026 745 2077; x_wconf 89' lang='lat' dir='ltr'>qui</span> <span class='ocrx_word' id='word_1_262' title='bbox 774 2033 811 2064; x_wconf 91' lang='lat' dir='ltr'>et</span> <span class='ocrx_word' id='word_1_263' title='bbox 839 2027 888 2064; x_wconf 91' lang='lat' dir='ltr'>ab</span> <span class='ocrx_word' id='word_1_264' title='bbox 909 2039 967 2077; x_wconf 87' lang='lat' dir='ltr'>eo,</span> <span class='ocrx_word' id='word_1_265' title='bbox 989 2027 1053 2076; x_wconf 91' lang='lat' dir='ltr'>qui</span> <span class='ocrx_word' id='word_1_266' title='bbox 1082 2026 1122 2063; x_wconf 91' lang='lat' dir='ltr'>in</span> <span class='ocrx_word' id='word_1_267' title='bbox 1151 2026 1274 2064; x_wconf 90' lang='lat' dir='ltr'>isdem</span> <span class='ocrx_word' id='word_1_268' title='bbox 1295 2027 1431 2064; x_wconf 89' lang='lat' dir='ltr'>eastris</span> 
     </span>
     <span class='ocr_line' id='line_1_31' title="bbox 166 2091 1431 2142; baseline 0 -14"><span class='ocrx_word' id='word_1_269' title='bbox 166 2092 286 2137; x_wconf 91' lang='lat' dir='ltr'>fuerit,</span> <span class='ocrx_word' id='word_1_270' title='bbox 307 2098 345 2129; x_wconf 90' lang='lat' dir='ltr'>et</span> <span class='ocrx_word' id='word_1_271' title='bbox 374 2104 452 2129; x_wconf 91' lang='lat' dir='ltr'>non</span> <span class='ocrx_word' id='word_1_272' title='bbox 482 2092 603 2130; x_wconf 91' lang='lat' dir='ltr'>modo</span> <span class='ocrx_word' id='word_1_273' title='bbox 623 2092 727 2142; x_wconf 89' lang='lat' dir='ltr'>apud</span> <span class='ocrx_word' id='word_1_274' title='bbox 747 2099 794 2138; x_wconf 91' lang='lat' dir='ltr'>te,</span> <span class='ocrx_word' id='word_1_275' title='bbox 816 2092 885 2129; x_wconf 86' lang='lat' dir='ltr'>sed</span> <span class='ocrx_word' id='word_1_276' title='bbox 912 2092 1027 2129; x_wconf 89' lang='lat' dir='ltr'>etiarn</span> <span class='ocrx_word' id='word_1_277' title='bbox 1048 2104 1070 2129; x_wconf 90' lang='lat' dir='ltr'>a</span> <span class='ocrx_word' id='word_1_278' title='bbox 1099 2091 1177 2129; x_wconf 90' lang='lat' dir='ltr'>suis</span> <span class='ocrx_word' id='word_1_279' title='bbox 1206 2094 1431 2130; x_wconf 86' lang='lat' dir='ltr'>accusetur!</span> 
     </span>
     <span class='ocr_line' id='line_1_32' title="bbox 167 2156 1431 2207; baseline 0 -14"><span class='ocrx_word' id='word_1_280' title='bbox 167 2156 251 2195; x_wconf 91' lang='lat' dir='ltr'>Vos</span> <span class='ocrx_word' id='word_1_281' title='bbox 288 2163 411 2195; x_wconf 87' lang='lat' dir='ltr'>vestra</span> <span class='ocrx_word' id='word_1_282' title='bbox 448 2157 616 2195; x_wconf 89' lang='lat' dir='ltr'>secunda</span> <span class='ocrx_word' id='word_1_283' title='bbox 655 2157 819 2204; x_wconf 89' lang='lat' dir='ltr'>fortuna,</span> <span class='ocrx_word' id='word_1_284' title='bbox 860 2157 1009 2203; x_wconf 88' lang='lat' dir='ltr'>Castor,</span> <span class='ocrx_word' id='word_1_285' title='bbox 1042 2169 1121 2195; x_wconf 90' lang='lat' dir='ltr'>non</span> <span class='ocrx_word' id='word_1_286' title='bbox 1154 2156 1312 2207; x_wconf 88' lang='lat' dir='ltr'>potestis</span> <span class='ocrx_word' id='word_1_287' title='bbox 1349 2157 1431 2194; x_wconf 89' lang='lat' dir='ltr'>sine</span> 
     </span>
     <span class='ocr_line' id='line_1_33' title="bbox 166 2223 1032 2274; baseline 0.001 -14"><span class='ocrx_word' id='word_1_288' title='bbox 166 2223 473 2274; x_wconf 88' lang='lat' dir='ltr'>propinquorum</span> <span class='ocrx_word' id='word_1_289' title='bbox 493 2223 707 2261; x_wconf 87' lang='lat' dir='ltr'>calamitate</span> <span class='ocrx_word' id='word_1_290' title='bbox 727 2235 811 2262; x_wconf 85' lang='lat' dir='ltr'>esse</span> <span class='ocrx_word' id='word_1_291' title='bbox 831 2225 1032 2262; x_wconf 88' lang='lat' dir='ltr'>contenti?</span> 
     </span>
    </p>
   </div>
   <div class='ocr_carea' id='block_1_6' title="bbox 1449 593 1488 621">
    <p class='ocr_par' dir='ltr' id='par_1_6' title="bbox 1449 593 1488 621">
     <span class='ocr_line' id='line_1_34' title="bbox 1449 593 1488 621; baseline 0 0"><span class='ocrx_word' id='word_1_292' title='bbox 1449 593 1488 621; x_wconf 55' lang='grc'>’25</span> 
     </span>
    </p>
   </div>
  </div>
 </body>
</html>
