1659 2499
340 89 434 121 PRO
467 89 507 129 Q.
541 89 744 121 LIGARIO
779 88 973 120 ORATIO.
1036 80 1082 134 ξξ
1117 79 1268 134 26130.
1392 89 1444 131 25

174 197 281 226 Close
309 196 352 226 of
371 197 435 226 the
460 197 651 226 Tractatio
685 195 718 234 (ξ
751 194 815 234 29).
869 194 994 225 Tubero
1025 198 1144 224 cauno!
1174 193 1208 224 he
1232 194 1449 234 pcrse‘cullng·

257 249 424 289 Ligarius
448 260 489 280 on
508 249 623 290 public
642 249 801 289 grounds.
849 249 881 279 T
877 247 1019 289 heresem*
1043 248 1096 278 his
1121 249 1238 279 molir'e
1261 248 1289 278 is
1310 249 1443 289 privem·

259 304 386 339 halred.
401 304 438 334 in
456 304 563 334 which
587 304 709 334 Cacsar
723 303 798 334 will
812 307 868 334 not
884 303 963 333 lend
976 303 1046 333 him
1065 301 1117 333 his
1133 303 1200 333 aid.

227 401 301 441 10.
334 401 442 439 Haec
472 414 546 451 ego
576 414 653 439 non
685 401 862 447 dicerem,
893 401 1063 445 Tubero,
1095 400 1124 437 si
1156 408 1220 438 aut
1252 413 1319 439 vos
1344 413 1438 439 con·
1460 412 1498 441 2¹..

169 467 330 505 stantiae
370 472 515 504 vestrae
555 474 618 504 aut
659 466 867 504 Caesarem
907 465 1078 503 beneficii
1120 466 1175 503 sui
1214 466 1437 515 paeniteret.

169 532 283 570 Nunc
305 543 462 582 quaero,
483 540 608 569 utrum
631 539 773 569 vestras
804 532 957 569 iniurias
984 544 1034 568 an
1060 532 1113 568 rei
1143 532 1320 581 publicae
1350 545 1437 581 per-

167 597 392 647 sequamini.
450 596 488 634 Si
519 598 571 635 rei
601 597 788 647 publicae,
809 597 902 646 quid
932 597 978 634 de
1000 603 1125 634 vestra
1156 598 1193 634 in
1224 596 1287 634 illa
1318 608 1434 634 causa

166 663 441 712 perseverantia
472 664 776 712 respondebitis?
808 663 838 700 si
868 671 1026 708 vestras,
1048 663 1183 709 videte,
1207 675 1255 700 ne
1287 663 1434 706 erretis.

166 728 232 776 qui
267 727 473 766 Caesarem
509 729 642 765 vestris
675 729 836 765 inimicis
872 729 1007 765 iratum
1047 728 1123 766 fore
1158 729 1309 778 putetis,
1347 740 1435 766 curn

166 794 354 841 ignoverit
385 794 474 831 suis.

167 905 391 940 Deprecatio
409 905 465 943 (ἐξ
492 905 624 945 29-38).
673 905 714 934 ‘l
732 904 864 934 adda-ess
883 904 1006 945 mysels
1020 909 1051 935 lo
1063 915 1143 944 you,
1166 905 1297 943 Caesar,
1319 914 1360 935 on
1383 915 1437 945 my

253 957 380 989 client's
391 958 508 1000 hehaff,
521 969 557 989 as
573 963 603 990 lo
619 958 767 999 asather
781 963 837 989 not
848 969 884 989 as
900 963 930 990 lo
946 969 966 989 α
974 959 1088 1000 judge.
1135 960 1189 990 He
1198 959 1314 999 pleads
1324 959 1436 999 guilty

257 1013 331 1043 and
347 1023 457 1044 craves
473 1024 566 1054 your
575 1013 730 1054 sathcrly
740 1012 947 1054 forgiveness
957 1023 967 1044 .·
991 1013 1118 1044 because
1143 1016 1175 1051 g§
1203 1015 1258 1052 31)
1269 1024 1337 1055 you
1354 1013 1436 1045 have

248 1068 396 1107 granted
417 1069 445 1099 it
467 1069 604 1109 already
625 1073 655 1099 to
683 1069 799 1106 others,
818 1067 881 1110 sor
904 1069 1062 1109 example,
1085 1073 1116 1099 to
1141 1068 1276 1110 mysels:
1307 1069 1436 1099 because

255 1122 310 1163 (ἐξ
337 1123 458 1162 31—33)
475 1133 545 1164 you
571 1123 695 1163 rcgard
714 1123 766 1154 the
793 1123 907 1154 mcrils
932 1123 972 1164 qf
987 1133 1008 1153 a
1027 1133 1120 1153 cause
1147 1123 1263 1154 rather
1279 1123 1361 1154 than
1383 1123 1436 1154 tlte·

247 1182 368 1218 person
389 1176 428 1218 qs
436 1177 479 1208 ils
500 1178 658 1208 advocate.
705 1179 748 1208 ln
773 1177 825 1208 the
834 1182 969 1218 present
985 1188 1062 1216 case,
1075 1178 1223 1208 considet·
1235 1178 1288 1208 the
1303 1177 1434 1208 distress

253 1231 294 1272 qf
309 1231 362 1261 the
378 1231 525 1269 Sabinas,
540 1242 632 1272 your
650 1233 705 1263 old
707 1232 845 1273 friends
858 1242 868 1262 .·
891 1231 931 1272 of
953 1232 988 1262 T.
1006 1232 1171 1262 Brocchus
1188 1232 1259 1262 and
1277 1232 1330 1262 the
1345 1232 1437 1262 other

241 1285 381 1325 friends
397 1285 436 1327 qs
445 1285 628 1326 Ligu-ius?

220 1375 356 1425 Itaque
376 1387 470 1412 num
492 1377 559 1413 tibi
581 1376 710 1414 videor
734 1376 771 1412 in
800 1388 915 1413 eausa
942 1375 1072 1425 Ligari
1097 1388 1180 1413 esse
1207 1383 1430 1425 occupatus,

164 1451 257 1476 num
270 1440 317 1477 de
333 1441 414 1477 eius
429 1440 531 1478 facto
548 1441 699 1479 dicere?
730 1440 925 1490 Quicquid
939 1441 1027 1487 dixi,
1041 1441 1089 1478 ad
1105 1453 1220 1478 unam
1239 1453 1430 1479 summam

163 1504 290 1542 referri
305 1505 394 1543 volo
406 1506 464 1543 vel
485 1506 730 1544 humanitatis
747 1507 803 1544 vel
819 1506 1045 1543 clementiae
1058 1506 1115 1543 vel
1136 1506 1430 1544 misericordiae.

162 1569 321 1616 Causas,
337 1570 491 1616 Caesar,
512 1573 572 1622 egi
594 1572 733 1609 multas
754 1572 933 1622 equidem
954 1579 1095 1618 tecum,
1116 1571 1210 1608 dum
1229 1579 1265 1609 te
1287 1572 1325 1608 in
1345 1571 1429 1610 foro
1449 1582 1490 1612 30

161 1636 281 1673 tenuit
300 1637 397 1675 ratio
423 1637 616 1676 honorum
638 1645 803 1683 tuorum,
832 1644 934 1675 certe
955 1649 1170 1687 numquam
1189 1637 1265 1675 hoc
1286 1638 1404 1675 modo
1422 1650 1428 1674 :

162 1704 170 1719 ‘
186 1701 393 1750 Ignoscite,
408 1702 576 1749 iudices;
601 1704 747 1750 erravit,
768 1703 896 1753 lapsus
916 1711 984 1749 est,
1000 1716 1078 1741 non
1098 1703 1265 1752 putavit;
1296 1703 1326 1740 si
1345 1715 1429 1740 um-

160 1779 277 1816 quam
290 1766 473 1816 posthac.'
500 1769 563 1806 Ad
579 1776 774 1818 parentem
790 1770 843 1807 sic
859 1769 920 1818 agi
935 1769 1040 1815 solet,
1057 1769 1105 1806 ad
1120 1769 1266 1806 iudices
1282 1781 1289 1806 ι
1313 1773 1321 1790 ‘
1336 1768 1429 1806 Non

162 1832 258 1878 fecit,
279 1845 359 1870 non
389 1833 568 1882 cogitavit
584 1847 593 1880 ;
623 1834 706 1872 falsi
732 1841 861 1880 testeS,
883 1835 1013 1872 fictum
1044 1835 1214 1872 crimen!
1283 1834 1356 1872 Dic
1378 1841 1426 1874 te.

161 1896 314 1943 Caesar,
335 1898 382 1935 de
398 1898 499 1937 facto
523 1899 651 1950 Ligari
671 1900 839 1938 iudicem
860 1912 966 1946 esse,·
996 1900 1135 1949 quibus
1163 1901 1202 1937 in
1229 1900 1428 1950 praesidiis

159 1962 280 2008 suerit,
293 1975 434 2013 quaere
450 1976 460 2010 ς
491 1971 611 2011 taceo,
626 1978 674 2003 ne
690 1965 784 2003 haec
801 1966 955 2016 quidem
977 1966 1128 2015 colligo,
1147 1978 1246 2016 quae
1267 1965 1427 2003 sortasse

158 2027 327 2065 valerent
346 2030 461 2066 etiam
482 2030 584 2079 apud
603 2030 789 2068 iudicem:
823 2030 1014 2080 ‘Legatus
1044 2037 1133 2068 ante
1164 2031 1306 2068 bellum
1336 2043 1427 2080 pro-

159 2092 289 2138 fectus,
318 2094 472 2132 relictus
500 2096 539 2132 in
569 2108 675 2145 paee,
708 2096 807 2134 bello
838 2108 1056 2146 oppressus,
1087 2097 1126 2133 in
1155 2109 1202 2134 eo
1230 2098 1317 2145 ipso
1347 2108 1424 2133 non

158 2159 340 2205 acerbus;
370 2160 446 2198 iam
466 2168 523 2198 est
543 2168 647 2199 totus
668 2162 799 2201 animo
818 2175 863 2200 ac
885 2163 1011 2200 studio
1032 2160 1141 2200 tuus.’
1177 2163 1239 2199 Ad
1260 2162 1424 2199 iudicem

157 2224 210 2261 sic
240 2225 301 2273 agi
331 2225 438 2271 solet,
469 2226 536 2263 sed
567 2239 642 2276 ego
677 2228 779 2276 apud
810 2235 1010 2277 parentem
1039 2228 1203 2277 loquor:
1239 2227 1424 2276 ‘Erravit‚
