1659 2499
252 101 346 134 PRO
377 99 514 132 REGE
543 100 802 133 DEIOTARO
835 100 1028 133 ORATIO.
1091 92 1140 148 ἕξ
1176 92 1328 134 16—22.
1379 104 1432 148 37

175 208 262 246 loco
281 214 460 252 armatos,
481 213 522 244 ut
551 206 726 245 collocati
757 205 917 253 fuerant,
937 207 1097 245 retinere
1127 219 1314 257 magnum
1341 207 1436 246 fuit?

175 272 276 311 Cum
310 273 348 310 in
380 271 556 311 convivio
588 272 748 310 comiter
780 281 816 310 et
851 272 1018 311 iucunde
1048 273 1194 318 fuisses,
1227 279 1309 310 tum
1348 274 1434 312 illuc

173 337 244 384 isti,
278 343 319 374 ut
350 337 522 382 dixeras;
553 349 632 386 quo
665 336 704 373 in
738 336 824 375 loeo
858 336 1084 375 Deiotarum
1116 337 1231 376 talem
1270 350 1362 388 erga
1401 346 1436 376 te

175 402 398 452 cognovisti,
434 402 556 452 qualis
587 414 653 440 rex
687 402 838 440 Attalus
868 404 907 440 in
938 403 978 441 P.
1010 404 1235 442 Africanum
1265 403 1345 450 fuit,
1375 405 1435 442 cui

172 467 554 517 magnificentissima
587 466 701 514 dona,
733 474 773 505 ut
807 468 991 518 scriptum
1026 468 1200 518 legimus,
1235 481 1356 518 usque
1387 469 1435 507 ad

173 532 424 570 Numantiam
459 533 561 570 misit
599 545 646 570 ex
686 532 791 579 Asia,
823 545 921 583 quae
960 533 1166 571 Africanus
1198 534 1435 583 inspectante

172 598 340 636 exercitu
374 598 534 648 accepit.
593 597 709 644 Quod
743 610 830 636 curn
863 611 1046 649 praesens
1084 598 1291 637 Deiotarus
1328 599 1435 649 regio

171 671 207 702 et
239 664 371 702 animo
405 670 441 701 et
472 675 580 701 more
615 663 775 708 fecisset,
814 670 854 701 tu
888 664 926 702 in
962 664 1181 702 cubiculum
1220 664 1435 703 discessisti.

172 728 360 775 Obsecro,
392 728 547 775 Caesar,
578 736 705 778 repete
733 728 830 766 illius
858 730 1043 779 temporis
1072 730 1310 776 memoriam,
1333 742 1435 780 pone

172 794 278 832 illum
310 800 398 831 ante
437 794 568 832 oculos
607 794 720 840 diem,
751 794 876 832 vultus
905 794 1105 833 hominum
1137 802 1170 832 te
1206 795 1435 833 intuentium

170 867 285 910 atque
306 860 574 898 admirantium
596 859 806 897 recordare.
863 859 968 897 Num
989 872 1088 910 quae
1107 860 1318 910 trepidatio,
1340 873 1434 898 num

172 926 237 975 qui
268 925 462 971 tumultus,
502 937 595 962 num
626 924 718 974 quid
758 924 829 962 nisi
863 925 1050 971 modeste,
1086 925 1158 963 nisi
1192 926 1331 975 quiete,
1363 927 1434 964 nisi

172 1003 219 1028 ex
249 991 415 1028 hominis
453 990 665 1040 gravissimi
704 997 741 1028 et
773 990 1002 1027 sanctissimi
1041 991 1270 1040 disciplina?
1327 991 1435 1037 Quid

172 1056 285 1106 igitur
319 1068 459 1094 causae
491 1056 699 1105 excogitari
733 1062 870 1105 potest,
904 1068 972 1093 cur
1010 1063 1046 1094 te
1077 1056 1223 1094 lautum
1261 1056 1433 1101 voluerit,

171 1128 349 1159 cenatum
370 1121 533 1159 noluerit
556 1121 757 1158 occidere?
815 1120 883 1157 ‘In
904 1121 1128 1170 posterum,’
1147 1122 1280 1172 inquit,
1307 1125 1315 1140 ‘
1331 1122 1433 1159 diem

171 1187 323 1233 distulit,
352 1193 404 1233 ut,
436 1199 524 1224 cum
554 1187 592 1223 in
622 1186 818 1224 castellum
847 1185 1023 1223 Blucium
1054 1194 1211 1224 ventum
1241 1192 1351 1233 esset,
1383 1187 1434 1224 ibi

171 1253 339 1301 cogitata
376 1252 595 1302 perficeret?
652 1251 744 1289 Non
783 1251 894 1289 video
934 1264 1090 1290 causam
1133 1253 1304 1290 mutandi
1349 1253 1433 1298 loci,

171 1319 239 1357 sed
255 1326 384 1356 tamen
403 1324 488 1356 acta
507 1330 566 1356 res
586 1318 790 1356 criminose
809 1325 876 1356 est.
937 1321 946 1337 ‘
960 1317 1084 1365 Cum,'
1100 1319 1233 1368 inquit,
1254 1322 1263 1337 ‘
1279 1330 1434 1356 vomere

171 1391 260 1433 post
280 1396 417 1422 cenam
446 1390 482 1421 te
511 1383 606 1421 velle
636 1383 808 1430 dixisses,
830 1384 869 1422 in
899 1384 1081 1422 balneum
1111 1391 1147 1421 te
1178 1384 1316 1422 ducere
1345 1395 1432 1422 coe-

170 1457 330 1500 perunt;
361 1450 413 1486 ibi
432 1449 536 1487 enim
556 1455 664 1487 erant
684 1449 854 1488 insidiae.
911 1450 962 1487 At
983 1456 1018 1487 te
1038 1449 1175 1487 eadem
1194 1455 1259 1487 tua
1280 1448 1433 1487 fortuna

171 1516 357 1563 servavit3
406 1515 444 1551 in
483 1514 658 1552 cubiculo
696 1515 810 1552 malle
849 1512 1000 1553 dixisti?
1076 1515 1126 1552 Di
1164 1521 1201 1552 te
1239 1515 1431 1564 perduint,

171 1581 346 1631 fugitive!
377 1580 428 1617 ita
457 1592 537 1618 non
566 1580 684 1618 modo
714 1592 881 1630 nequam
910 1587 946 1618 et
975 1581 1189 1630 improbus,
1222 1580 1290 1618 sed
1319 1580 1433 1618 etiam

170 1646 295 1684 fatuus
326 1652 362 1684 et
393 1658 526 1683 amens
558 1657 610 1683 es.
668 1644 803 1691 Quid?
832 1646 893 1683 ille
926 1646 1035 1695 signa
1067 1649 1188 1683 aenea
1218 1646 1257 1682 in
1288 1645 1434 1683 insidiis

170 1718 361 1761 posuerat,
401 1723 501 1761 quae
540 1724 561 1749 e
600 1711 740 1749 balneo
779 1711 818 1748 in
857 1711 1077 1749 cubiculum
1115 1710 1308 1748 transferri
1353 1723 1432 1749 non

173 1778 357 1827 possent?
415 1776 550 1814 Habes
581 1776 739 1814 crimina
770 1776 1018 1823 insidiarum;
1067 1776 1159 1814 nihil
1197 1776 1301 1814 enim
1340 1776 1434 1813 dixit

172 1842 347 1892 amplius.
405 1845 414 1861 ‘
431 1839 612 1888 Horum‚'
633 1842 764 1892 inquit,
786 1845 794 1861 ‘
809 1854 914 1879 eram
935 1842 1136 1879 conscius.’
1194 1841 1299 1888 Quid
1325 1843 1432 1879 tum?

171 1907 223 1945 ita
241 1907 302 1944 ille
322 1907 482 1945 demens
501 1914 592 1952 erat,
613 1914 652 1944 ut
677 1919 779 1952 eum,
801 1919 918 1957 quem
943 1907 1142 1945 conscium
1162 1907 1256 1945 tanti
1282 1907 1434 1944 sceleris

171 1972 349 2019 habebat,
378 1985 401 2010 a
430 1985 470 2010 se
499 1973 714 2019 dimitteret,
747 1972 916 2010 Romam
948 1972 1062 2010 etiam
1096 1972 1274 2018 mitteret,
1303 1972 1367 2010 ubi
1397 1978 1434 2009 et

171 2037 475 2075 inimicissimum
496 2038 608 2075 sciret
633 2050 716 2075 esse
746 2044 929 2087 nepotem
958 2050 1069 2075 suum
1090 2044 1126 2075 et
1148 2037 1191 2076 C.
1213 2037 1432 2082 Caesarem,

171 2103 233 2140 cui
263 2101 413 2140 fecisset
446 2103 614 2148 insidias,
646 2103 869 2152 praesertim
901 2115 991 2141 cum
1023 2103 1054 2140 is
1084 2115 1185 2140 unus
1223 2109 1334 2148 esset,
1367 2102 1431 2152 qui

172 2174 302 2217 posset
321 2167 368 2206 de
389 2168 547 2206 absente
568 2180 608 2206 se
628 2168 821 2206 indicare?
879 2171 889 2188 ‘
902 2168 953 2206 Et
979 2168 1112 2206 fratres
1142 2168 1276 2214 meos,’
1297 2167 1429 2217 inquit,

176 2233 303 2283 ‘quod
332 2240 438 2271 erant
467 2233 622 2279 conscii,
643 2233 682 2270 in
702 2233 827 2271 vincla
856 2233 1040 2271 coniecit!
1097 2232 1198 2271 Cum
1227 2232 1342 2282 igitur
1365 2243 1432 2270 eos

1450 2176 1490 2206 22
