1659 2499
349 114 443 147 PRO
473 114 526 146 M.
559 114 828 147 MARCELLO
861 114 1055 147 ORATIO.
1118 106 1164 160 §Q
1197 106 1292 147 2-8.
1430 118 1454 160 3

190 231 353 268 numero
372 220 607 269 proeliorum
636 233 707 259 nec
728 220 907 258 varietate
932 220 1133 269 regionum
1161 232 1231 258 nec
1262 220 1455 259 celeritate

188 285 419 324 conficiendi
460 298 531 323 nec
571 286 877 323 dissimilitudine
911 285 1097 324 bellorum
1130 298 1243 334 posse
1278 285 1462 334 confergis

188 363 261 390 nec
287 363 377 389 vero
406 350 724 407 disi-unctissimas
748 359 866 389 terras
890 351 999 389 citius
1024 340 1198 401 passibus
1225 349 1454 401 cuiusquam

186 417 357 467 potuisse
388 417 591 466 peragrari,
625 429 744 466 quam
777 418 850 454 tuis
889 428 967 454 non
1007 417 1132 454 dicam
1167 416 1352 462 cursibus,
1385 417 1452 454 sed

187 483 354 520 victoriis
375 479 554 525 lustratae
574 474 672 520 sunt.
731 482 841 529 Quae
863 483 1018 532 quidem
1042 494 1116 532 ego
1137 482 1208 520 nisi
1235 483 1287 519 ita
1311 494 1453 531 magna
1472 493 1490 523 6

187 559 268 586 esse
289 547 420 593 fatear,
443 554 483 584 ut
502 560 547 585 ea
567 548 626 584 vix
649 547 875 598 cuiusquam
895 560 1006 585 mens
1027 556 1089 585 aut
1110 540 1290 596 cogitttio
1314 560 1452 597 capere

187 614 319 663 possit,
350 625 485 651 amens
514 614 610 659 sim;
651 613 720 652 sed
750 620 881 650 tamen
911 620 998 651 sunt
1029 613 1101 650 alia
1130 613 1288 650 maioia.
1348 612 1452 650 Nam

187 679 344 717 bellicas
375 679 507 716 laudes
546 678 670 717 solent
707 679 864 728 quidam
903 686 1109 717 extenuare
1147 679 1272 716 verbis
1309 691 1451 728 easque

134 739 140 744 ’
187 745 386 782 detrahere
411 734 582 790 ducibus,
612 745 899 782 communicare
925 757 1014 783 cum
1042 745 1179 791 multis,
1202 757 1251 782 ne
1276 745 1452 794 propriae

187 810 261 848 sint
298 810 586 860 imperatorum.
660 810 709 848 Et
748 816 848 848 certe
891 811 930 847 in
969 810 1083 848 armis
1121 801 1282 847 militurn
1323 810 1451 855 virtus,

185 876 359 914 locorum
373 864 652 925 opportunitas,
669 862 808 913 auxilia
821 876 1026 922 sociorum,
1042 875 1192 921 classes,
1211 882 1450 913 commeatus

186 941 351 979 multum
382 942 522 998 iuvant,
557 941 770 979 maximam
803 954 893 980 vero
924 948 1073 992 partem
1113 941 1222 991 quasi
1261 953 1330 978 suo
1368 941 1450 978 iure

186 1007 355 1046 Fortuna
373 1007 443 1045 sibi
464 992 639 1045 vindicat
654 999 702 1055 et,
725 1007 907 1057 quicquid
934 1020 1117 1057 prospere
1146 1014 1296 1056 gestum
1323 1013 1389 1052 est,
1412 1006 1450 1044 id

186 1085 310 1122 paene
348 1085 464 1111 omne
503 1072 607 1111 ducit
649 1085 773 1111 suum.
829 1073 881 1110 At
918 1085 1008 1111 vero
1047 1073 1162 1110 huius
1205 1072 1360 1122 gloriae,
1403 1071 1448 1110 C.
1468 1076 1486 1108 7

186 1137 341 1185 Caesar,
382 1150 498 1188 quam
548 1151 589 1176 es
635 1139 753 1188 paulo
798 1146 887 1176 ante
929 1138 1100 1189 adeptus,
1139 1139 1287 1185 socium
1328 1137 1449 1176 habes

185 1204 406 1250 neminem3
445 1211 571 1241 totum
603 1203 687 1250 hoc,
719 1203 1075 1254 quantumcumque
1110 1211 1178 1249 est,
1209 1203 1315 1253 quod
1347 1210 1448 1241 certe

185 1269 397 1306 maximum
418 1277 485 1316 est,
501 1277 622 1308 totum
642 1278 710 1316 est,
726 1271 896 1320 inquam,
918 1277 1038 1307 tuum.
1095 1269 1201 1307 Nihil
1221 1270 1290 1307 sibi
1311 1282 1358 1307 ex
1378 1269 1450 1307 ista

184 1334 296 1372 laude
325 1336 510 1381 centurio,
537 1335 628 1373 nihil
657 1335 883 1386 praefectus,
906 1336 998 1373 nihil
1028 1335 1178 1382 cohors,
1203 1335 1296 1372 nihil
1326 1342 1448 1373 turma

184 1400 375 1455 dec-erpi&
405 1401 497 1455 qinn
527 1401 643 1439 etiam
667 1401 730 1439 illa
753 1402 837 1451 ipsa
864 1413 991 1439 rerum
1015 1401 1271 1439 humanarum
1292 1400 1448 1439 domina

184 1465 355 1504 Fortuna
385 1466 425 1502 in
455 1466 561 1504 istius
596 1467 817 1505 societatem
856 1467 998 1516 gloriae
1038 1479 1078 1504 se
1114 1479 1192 1505 non
1223 1466 1346 1512 offert,
1382 1467 1448 1505 tibi

184 1531 294 1577 cedit,
326 1538 429 1569 tuam
453 1544 537 1570 esse
567 1538 690 1570 totam
719 1540 756 1570 et
789 1533 983 1581 propriam
1013 1532 1162 1570 fatetur.
1220 1531 1447 1582 Numquam

184 1597 287 1634 enim
326 1598 518 1635 temeritas
556 1610 644 1635 cum
686 1598 872 1647 sapientia
910 1598 1194 1643 commiscetur,
1235 1610 1360 1648 neque
1398 1597 1448 1635 ad

181 1662 384 1701 consilium
407 1675 516 1701 casus
532 1663 751 1701 admittitur.
773 1660 790 1702 J

184 1755 239 1794 (ἐξ
258 1755 299 1786 8-
304 1755 369 1796 10J.
425 1755 482 1786 W'e
505 1754 580 1786 lzail
600 1755 683 1786 with
706 1755 910 1786 enthusiasm
935 1756 1003 1787 this
1015 1766 1106 1797 your
1120 1757 1244 1797 victory
1260 1766 1338 1787 over
1345 1766 1448 1797 your-

269 1809 338 1851 sels.

239 1883 282 1919 3
313 1870 509 1909 Domuisti
548 1877 683 1920 gentes
720 1846 950 1910 inmanitate
979 1872 1170 1918 barbaras,
1206 1872 1446 1911 multitudine
1466 1880 1484 1910 8

183 1936 492 1982 innumerabiles,
532 1936 626 1974 locis
675 1937 852 1984 infinitas,
892 1939 998 1975 omni
1055 1939 1252 1988 copiarum
1305 1950 1445 1988 genere

173 2002 455 2048 ‘abundantem
494 2002 562 2040 sed
596 2009 726 2040 tamen
759 2015 804 2040 ea
837 2004 968 2050 vicisti,
1002 2016 1101 2053 quae
1132 2011 1169 2042 et
1200 2011 1375 2042 naturam
1409 2011 1446 2042 et

183 2067 463 2114 condicionem,
511 2075 552 2105 ut
600 2068 699 2105 vinci
748 2075 917 2118 possent,
940 2071 943 2074 ’
967 2068 1169 2107 habebant.
1227 2069 1343 2107 Nulla
1390 2077 1446 2107 est

183 2134 287 2170 enim
323 2139 430 2170 tanta
471 2133 537 2178 vis,
587 2146 685 2183 quae
730 2146 810 2171 non
856 2135 954 2172 ferro
998 2143 1034 2172 et
1077 2136 1218 2172 viribus
1261 2135 1446 2173 debilitari

184 2196 381 2248 frangique
406 2199 536 2248 possit.
594 2200 778 2236 Animum
809 2200 968 2245 vincere,
994 2200 1230 2238 iracundiam
1255 2200 1443 2246 cohibere,

184 2260 362 2299 victoriae
424 2269 647 2317 temperare,
704 2262 961 2300 adversarium
1018 2263 1222 2309 nobilitate,
1273 2264 1442 2313 ingenio,

783 2340 805 2365 B
827 2342 847 2366 2
