<?xml version="1.0" encoding="UTF-8"?>
<!DOCTYPE html PUBLIC "-//W3C//DTD XHTML 1.0 Transitional//EN"
    "http://www.w3.org/TR/xhtml1/DTD/xhtml1-transitional.dtd">
<html xmlns="http://www.w3.org/1999/xhtml" xml:lang="en" lang="en">
 <head>
  <title>
</title>
<meta http-equiv="Content-Type" content="text/html;charset=utf-8" />
  <meta name='ocr-system' content='tesseract 3.04.00' />
  <meta name='ocr-capabilities' content='ocr_page ocr_carea ocr_par ocr_line ocrx_word'/>
</head>
<body>
  <div class='ocr_page' id='page_1' title='image "./orationescaesar00ciceuoft/orationescaesar00ciceuoft_0052.png"; bbox 0 0 1659 2499; ppageno 0'>
   <div class='ocr_carea' id='block_1_1' title="bbox 210 71 1113 111">
    <p class='ocr_par' dir='ltr' id='par_1_1' title="bbox 210 71 1113 111">
     <span class='ocr_line' id='line_1_1' title="bbox 210 71 1113 111; baseline 0.008 -13"><span class='ocrx_word' id='word_1_1' title='bbox 210 72 267 111; x_wconf 89' lang='lat'>44</span> <span class='ocrx_word' id='word_1_2' title='bbox 580 71 631 104; x_wconf 86' lang='lat' dir='ltr'>M.</span> <span class='ocrx_word' id='word_1_3' title='bbox 669 71 816 103; x_wconf 84' lang='lat' dir='ltr'><em>TULLI</em></span> <span class='ocrx_word' id='word_1_4' title='bbox 846 72 1113 105; x_wconf 87' lang='lat' dir='ltr'><em>CICERONIS</em></span> 
     </span>
    </p>
   </div>
   <div class='ocr_carea' id='block_1_2' title="bbox 208 174 1473 749">
    <p class='ocr_par' dir='ltr' id='par_1_2' title="bbox 208 174 1473 749">
     <span class='ocr_line' id='line_1_2' title="bbox 210 174 1473 231; baseline 0.006 -20"><span class='ocrx_word' id='word_1_5' title='bbox 210 174 325 212; x_wconf 87' lang='lat' dir='ltr'>videri</span> <span class='ocrx_word' id='word_1_6' title='bbox 352 176 504 225; x_wconf 88' lang='lat' dir='ltr'>potest?</span> <span class='ocrx_word' id='word_1_7' title='bbox 560 175 663 214; x_wconf 90' lang='lat' dir='ltr'>Nam</span> <span class='ocrx_word' id='word_1_8' title='bbox 694 177 740 215; x_wconf 87' lang='lat' dir='ltr'>de</span> <span class='ocrx_word' id='word_1_9' title='bbox 771 184 894 216; x_wconf 85' lang='lat' dir='ltr'>statua</span> <span class='ocrx_word' id='word_1_10' title='bbox 922 179 1006 229; x_wconf 87' lang='lat' dir='ltr'>quis</span> <span class='ocrx_word' id='word_1_11' title='bbox 1040 179 1222 230; x_wconf 90' lang='lat' dir='ltr'>queritur,</span> <span class='ocrx_word' id='word_1_12' title='bbox 1253 192 1329 218; x_wconf 88' lang='lat' dir='ltr'>una</span> <span class='ocrx_word' id='word_1_13' title='bbox 1361 193 1473 231; x_wconf 88' lang='lat' dir='ltr'>prae-</span> 
     </span>
     <span class='ocr_line' id='line_1_3' title="bbox 211 234 1472 288; baseline 0.005 -11"><span class='ocrx_word' id='word_1_14' title='bbox 211 234 350 288; x_wconf 82' lang='lat' dir='ltr'>sertim,</span> <span class='ocrx_word' id='word_1_15' title='bbox 372 253 460 278; x_wconf 90' lang='lat' dir='ltr'>cum</span> <span class='ocrx_word' id='word_1_16' title='bbox 481 248 560 279; x_wconf 88' lang='lat' dir='ltr'>tarn</span> <span class='ocrx_word' id='word_1_17' title='bbox 580 242 716 280; x_wconf 78' lang='lat' dir='ltr'>multas</span> <span class='ocrx_word' id='word_1_18' title='bbox 736 243 887 281; x_wconf 86' lang='lat' dir='ltr'>videat?</span> <span class='ocrx_word' id='word_1_19' title='bbox 945 244 1069 282; x_wconf 84' lang='lat' dir='ltr'><strong>Valde</strong></span> <span class='ocrx_word' id='word_1_20' title='bbox 1093 245 1196 282; x_wconf 90' lang='lat' dir='ltr'>enim</span> <span class='ocrx_word' id='word_1_21' title='bbox 1224 245 1472 284; x_wconf 89' lang='lat' dir='ltr'>invidendum</span> 
     </span>
     <span class='ocr_line' id='line_1_4' title="bbox 210 305 1473 358; baseline 0.004 -15"><span class='ocrx_word' id='word_1_22' title='bbox 210 312 266 343; x_wconf 90' lang='lat' dir='ltr'>est</span> <span class='ocrx_word' id='word_1_23' title='bbox 297 305 376 343; x_wconf 88' lang='lat' dir='ltr'>eius</span> <span class='ocrx_word' id='word_1_24' title='bbox 401 308 543 353; x_wconf 82' lang='lat' dir='ltr'>statuis,</span> <span class='ocrx_word' id='word_1_25' title='bbox 574 308 681 346; x_wconf 87' lang='lat' dir='ltr'>cuius</span> <span class='ocrx_word' id='word_1_26' title='bbox 710 309 875 358; x_wconf 84' lang='lat' dir='ltr'>tropaeis</span> <span class='ocrx_word' id='word_1_27' title='bbox 905 322 984 347; x_wconf 88' lang='lat' dir='ltr'>non</span> <span class='ocrx_word' id='word_1_28' title='bbox 1014 310 1237 348; x_wconf 85' lang='lat' dir='ltr'>invidemus.</span> <span class='ocrx_word' id='word_1_29' title='bbox 1294 310 1410 358; x_wconf 88' lang='lat' dir='ltr'>Nam,</span> <span class='ocrx_word' id='word_1_30' title='bbox 1442 312 1473 348; x_wconf 92' lang='lat' dir='ltr'>si</span> 
     </span>
     <span class='ocr_line' id='line_1_5' title="bbox 208 371 1471 427; baseline 0.005 -19"><span class='ocrx_word' id='word_1_31' title='bbox 208 372 317 409; x_wconf 89' lang='lat' dir='ltr'>locus</span> <span class='ocrx_word' id='word_1_32' title='bbox 360 371 479 409; x_wconf 85' lang='lat' dir='ltr'>adfert</span> <span class='ocrx_word' id='word_1_33' title='bbox 518 373 707 419; x_wconf 80' lang='lat' dir='ltr'>invidiam,</span> <span class='ocrx_word' id='word_1_34' title='bbox 747 374 874 412; x_wconf 89' lang='lat' dir='ltr'>nullus</span> <span class='ocrx_word' id='word_1_35' title='bbox 925 371 1070 427; x_wconf 90' lang='lat' dir='ltr'>[locus]</span> <span class='ocrx_word' id='word_1_36' title='bbox 1109 382 1165 413; x_wconf 91' lang='lat' dir='ltr'>est</span> <span class='ocrx_word' id='word_1_37' title='bbox 1211 375 1261 413; x_wconf 87' lang='lat' dir='ltr'>ad</span> <span class='ocrx_word' id='word_1_38' title='bbox 1309 382 1471 413; x_wconf 86' lang='lat' dir='ltr'>statuam</span> 
     </span>
     <span class='ocr_line' id='line_1_6' title="bbox 209 436 1472 491; baseline 0.006 -19"><span class='ocrx_word' id='word_1_39' title='bbox 209 436 364 486; x_wconf 89' lang='lat' dir='ltr'>quidem</span> <span class='ocrx_word' id='word_1_40' title='bbox 404 438 532 475; x_wconf 83' lang='lat' dir='ltr'>rostris</span> <span class='ocrx_word' id='word_1_41' title='bbox 564 438 707 477; x_wconf 83' lang='lat' dir='ltr'>clarior.</span> <span class='ocrx_word' id='word_1_42' title='bbox 765 439 824 477; x_wconf 94' lang='lat' dir='ltr'>De</span> <span class='ocrx_word' id='word_1_43' title='bbox 855 439 993 489; x_wconf 90' lang='lat' dir='ltr'>plausu</span> <span class='ocrx_word' id='word_1_44' title='bbox 1023 447 1151 478; x_wconf 89' lang='lat' dir='ltr'>autem</span> <span class='ocrx_word' id='word_1_45' title='bbox 1185 441 1277 491; x_wconf 87' lang='lat' dir='ltr'>quid</span> <span class='ocrx_word' id='word_1_46' title='bbox 1313 453 1472 490; x_wconf 90' lang='lat' dir='ltr'>respon-</span> 
     </span>
     <span class='ocr_line' id='line_1_7' title="bbox 210 502 1468 554; baseline 0.004 -16"><span class='ocrx_word' id='word_1_47' title='bbox 210 502 350 539; x_wconf 84' lang='lat' dir='ltr'>deam?</span> <span class='ocrx_word' id='word_1_48' title='bbox 381 502 444 551; x_wconf 88' lang='lat' dir='ltr'>qui</span> <span class='ocrx_word' id='word_1_49' title='bbox 465 515 535 540; x_wconf 88' lang='lat' dir='ltr'>nec</span> <span class='ocrx_word' id='word_1_50' title='bbox 549 502 785 541; x_wconf 86' lang='lat' dir='ltr'>desideratus</span> <span class='ocrx_word' id='word_1_51' title='bbox 800 516 987 554; x_wconf 90' lang='lat' dir='ltr'>umquam</span> <span class='ocrx_word' id='word_1_52' title='bbox 1007 505 1047 541; x_wconf 88' lang='lat' dir='ltr'>in</span> <span class='ocrx_word' id='word_1_53' title='bbox 1067 511 1104 542; x_wconf 89' lang='lat' dir='ltr'>te</span> <span class='ocrx_word' id='word_1_54' title='bbox 1126 512 1182 543; x_wconf 90' lang='lat' dir='ltr'>est</span> <span class='ocrx_word' id='word_1_55' title='bbox 1203 512 1240 543; x_wconf 87' lang='lat' dir='ltr'>et</span> <span class='ocrx_word' id='word_1_56' title='bbox 1260 518 1341 543; x_wconf 90' lang='lat' dir='ltr'>non</span> <span class='ocrx_word' id='word_1_57' title='bbox 1357 518 1468 543; x_wconf 92' lang='lat' dir='ltr'>num-</span> 
     </span>
     <span class='ocr_line' id='line_1_8' title="bbox 209 567 1472 621; baseline 0.004 -17"><span class='ocrx_word' id='word_1_58' title='bbox 209 580 326 617; x_wconf 87' lang='lat' dir='ltr'>quam</span> <span class='ocrx_word' id='word_1_59' title='bbox 342 567 615 617; x_wconf 76' lang='lat' dir='ltr'>obstupefactis</span> <span class='ocrx_word' id='word_1_60' title='bbox 627 568 848 607; x_wconf 89' lang='lat' dir='ltr'>hominibus</span> <span class='ocrx_word' id='word_1_61' title='bbox 865 571 948 620; x_wconf 89' lang='lat' dir='ltr'>ipsa</span> <span class='ocrx_word' id='word_1_62' title='bbox 961 570 1213 608; x_wconf 78' lang='lat' dir='ltr'>admiratione</span> <span class='ocrx_word' id='word_1_63' title='bbox 1227 583 1472 621; x_wconf 87' lang='lat' dir='ltr'>compressus</span> 
     </span>
     <span class='ocr_line' id='line_1_9' title="bbox 208 633 1471 687; baseline 0.005 -18"><span class='ocrx_word' id='word_1_64' title='bbox 208 640 265 670; x_wconf 88' lang='lat' dir='ltr'>est</span> <span class='ocrx_word' id='word_1_65' title='bbox 304 640 339 670; x_wconf 90' lang='lat' dir='ltr'>et</span> <span class='ocrx_word' id='word_1_66' title='bbox 378 633 536 671; x_wconf 88' lang='lat' dir='ltr'>fortasse</span> <span class='ocrx_word' id='word_1_67' title='bbox 575 646 621 672; x_wconf 90' lang='lat' dir='ltr'>eo</span> <span class='ocrx_word' id='word_1_68' title='bbox 660 636 962 684; x_wconf 83' lang='lat' dir='ltr'>praetermissus,</span> <span class='ocrx_word' id='word_1_69' title='bbox 999 636 1088 685; x_wconf 89' lang='lat' dir='ltr'>quia</span> <span class='ocrx_word' id='word_1_70' title='bbox 1119 637 1211 674; x_wconf 86' lang='lat' dir='ltr'>nihil</span> <span class='ocrx_word' id='word_1_71' title='bbox 1245 637 1401 687; x_wconf 84' lang='lat' dir='ltr'>vulgare</span> <span class='ocrx_word' id='word_1_72' title='bbox 1436 643 1471 675; x_wconf 89' lang='lat' dir='ltr'>te</span> 
     </span>
     <span class='ocr_line' id='line_1_10' title="bbox 209 698 663 749; baseline 0.007 -15"><span class='ocrx_word' id='word_1_73' title='bbox 209 699 368 748; x_wconf 80' lang='lat' dir='ltr'>dignum</span> <span class='ocrx_word' id='word_1_74' title='bbox 391 698 507 736; x_wconf 88' lang='lat' dir='ltr'>videri</span> <span class='ocrx_word' id='word_1_75' title='bbox 528 707 663 749; x_wconf 89' lang='lat' dir='ltr'>potest.</span> 
     </span>
    </p>
   </div>
   <div class='ocr_carea' id='block_1_3' title="bbox 208 831 1482 1365">
    <p class='ocr_par' dir='ltr' id='par_1_3' title="bbox 208 831 1482 1365">
     <span class='ocr_line' id='line_1_11' title="bbox 208 831 1472 875; baseline 0.002 -13"><span class='ocrx_word' id='word_1_76' title='bbox 208 832 429 862; x_wconf 71' lang='lat' dir='ltr'>Per-oration</span> <span class='ocrx_word' id='word_1_77' title='bbox 448 831 502 871; x_wconf 60' lang='grc' dir='ltr'>(ἕξ</span> <span class='ocrx_word' id='word_1_78' title='bbox 521 832 652 872; x_wconf 60' lang='grc'>35-41).</span> <span class='ocrx_word' id='word_1_79' title='bbox 701 833 745 864; x_wconf 80' lang='lat' dir='ltr'>&lt;J</span> <span class='ocrx_word' id='word_1_80' title='bbox 763 832 884 864; x_wconf 80' lang='lat' dir='ltr'><em>should</em></span> <span class='ocrx_word' id='word_1_81' title='bbox 901 834 965 865; x_wconf 74' lang='lat' dir='ltr'><em>like</em></span> <span class='ocrx_word' id='word_1_82' title='bbox 988 838 1019 865; x_wconf 82' lang='lat' dir='ltr'>lo</span> <span class='ocrx_word' id='word_1_83' title='bbox 1037 834 1114 865; x_wconf 85' lang='lat' dir='ltr'>close</span> <span class='ocrx_word' id='word_1_84' title='bbox 1138 845 1192 875; x_wconf 83' lang='lat' dir='ltr'>my</span> <span class='ocrx_word' id='word_1_85' title='bbox 1214 845 1282 865; x_wconf 82' lang='lat' dir='ltr'>case</span> <span class='ocrx_word' id='word_1_86' title='bbox 1305 834 1343 875; x_wconf 75' lang='lat' dir='ltr'>hy</span> <span class='ocrx_word' id='word_1_87' title='bbox 1368 845 1472 866; x_wconf 80' lang='lat' dir='ltr'><em>recon-</em></span> 
     </span>
     <span class='ocr_line' id='line_1_12' title="bbox 293 886 1472 929; baseline 0.003 -13"><span class='ocrx_word' id='word_1_88' title='bbox 293 886 401 926; x_wconf 77' lang='lat' dir='ltr'><em>ciling</em></span> <span class='ocrx_word' id='word_1_89' title='bbox 421 897 489 927; x_wconf 78' lang='lat' dir='ltr'>you</span> <span class='ocrx_word' id='word_1_90' title='bbox 512 887 693 929; x_wconf 63' lang='lat' dir='ltr'>completely</span> <span class='ocrx_word' id='word_1_91' title='bbox 719 893 750 919; x_wconf 85' lang='lat' dir='ltr'>to</span> <span class='ocrx_word' id='word_1_92' title='bbox 776 888 965 920; x_wconf 73' lang='lat' dir='ltr'>Deiotarus.</span> <span class='ocrx_word' id='word_1_93' title='bbox 1011 889 1064 919; x_wconf 88' lang='lat' dir='ltr'>Do</span> <span class='ocrx_word' id='word_1_94' title='bbox 1088 893 1143 920; x_wconf 85' lang='lat' dir='ltr'>not</span> <span class='ocrx_word' id='word_1_95' title='bbox 1167 890 1312 929; x_wconf 75' lang='lat' dir='ltr'><em>imagine</em></span> <span class='ocrx_word' id='word_1_96' title='bbox 1339 889 1411 920; x_wconf 78' lang='lat' dir='ltr'>that</span> <span class='ocrx_word' id='word_1_97' title='bbox 1435 889 1472 920; x_wconf 82' lang='lat' dir='ltr'>he</span> 
     </span>
     <span class='ocr_line' id='line_1_13' title="bbox 293 941 1472 985; baseline 0.003 -14"><span class='ocrx_word' id='word_1_98' title='bbox 293 941 384 972; x_wconf 76' lang='lat' dir='ltr'>bears</span> <span class='ocrx_word' id='word_1_99' title='bbox 392 952 461 982; x_wconf 85' lang='lat' dir='ltr'>you</span> <span class='ocrx_word' id='word_1_100' title='bbox 484 953 567 973; x_wconf 82' lang='lat' dir='ltr'>some</span> <span class='ocrx_word' id='word_1_101' title='bbox 585 943 712 983; x_wconf 63' lang='lat' dir='ltr'>gruafgre</span> <span class='ocrx_word' id='word_1_102' title='bbox 735 943 863 974; x_wconf 76' lang='lat' dir='ltr'><em>because</em></span> <span class='ocrx_word' id='word_1_103' title='bbox 878 954 946 983; x_wconf 86' lang='lat' dir='ltr'>you</span> <span class='ocrx_word' id='word_1_104' title='bbox 974 944 1043 974; x_wconf 75' lang='lat' dir='ltr'>took</span> <span class='ocrx_word' id='word_1_105' title='bbox 1063 954 1160 985; x_wconf 79' lang='lat' dir='ltr'>away</span> <span class='ocrx_word' id='word_1_106' title='bbox 1177 948 1260 985; x_wconf 72' lang='lat' dir='ltr'>part</span> <span class='ocrx_word' id='word_1_107' title='bbox 1281 943 1322 985; x_wconf 74' lang='lat' dir='ltr'>of</span> <span class='ocrx_word' id='word_1_108' title='bbox 1340 944 1393 975; x_wconf 78' lang='lat' dir='ltr'>his</span> <span class='ocrx_word' id='word_1_109' title='bbox 1419 944 1472 975; x_wconf 84' lang='lat' dir='ltr'>do-</span> 
     </span>
     <span class='ocr_line' id='line_1_14' title="bbox 295 996 1471 1040; baseline 0.002 -14"><span class='ocrx_word' id='word_1_110' title='bbox 295 996 449 1027; x_wconf 80' lang='lat' dir='ltr'>mz‘m&#39;ons.</span> <span class='ocrx_word' id='word_1_111' title='bbox 501 997 569 1028; x_wconf 77' lang='lat' dir='ltr'>The</span> <span class='ocrx_word' id='word_1_112' title='bbox 584 998 720 1028; x_wconf 75' lang='lat' dir='ltr'>similar</span> <span class='ocrx_word' id='word_1_113' title='bbox 732 1008 801 1029; x_wconf 83' lang='lat' dir='ltr'>case</span> <span class='ocrx_word' id='word_1_114' title='bbox 816 997 855 1039; x_wconf 88' lang='lat' dir='ltr'>of</span> <span class='ocrx_word' id='word_1_115' title='bbox 869 998 1063 1029; x_wconf 71' lang='lat' dir='ltr'><em>Antiochus.</em></span> <span class='ocrx_word' id='word_1_116' title='bbox 1109 999 1194 1030; x_wconf 83' lang='lat' dir='ltr'>And</span> <span class='ocrx_word' id='word_1_117' title='bbox 1198 1009 1268 1039; x_wconf 83' lang='lat' dir='ltr'>you</span> <span class='ocrx_word' id='word_1_118' title='bbox 1283 998 1341 1040; x_wconf 62' lang='lat' dir='ltr'>left</span> <span class='ocrx_word' id='word_1_119' title='bbox 1355 1004 1385 1030; x_wconf 82' lang='lat' dir='ltr'>to</span> <span class='ocrx_word' id='word_1_120' title='bbox 1401 998 1471 1029; x_wconf 78' lang='lat' dir='ltr'>him</span> 
     </span>
     <span class='ocr_line' id='line_1_15' title="bbox 293 1051 1473 1093; baseline 0.004 -13"><span class='ocrx_word' id='word_1_121' title='bbox 293 1051 366 1081; x_wconf 81' lang='lat' dir='ltr'>and</span> <span class='ocrx_word' id='word_1_122' title='bbox 384 1051 437 1081; x_wconf 79' lang='lat' dir='ltr'>ln&#39;s</span> <span class='ocrx_word' id='word_1_123' title='bbox 459 1062 514 1082; x_wconf 84' lang='lat' dir='ltr'>son</span> <span class='ocrx_word' id='word_1_124' title='bbox 539 1052 592 1083; x_wconf 63' lang='lat' dir='ltr'>tlte</span> <span class='ocrx_word' id='word_1_125' title='bbox 615 1052 730 1093; x_wconf 76' lang='lat' dir='ltr'>kingly</span> <span class='ocrx_word' id='word_1_126' title='bbox 754 1053 836 1084; x_wconf 77' lang='lat' dir='ltr'>title.</span> <span class='ocrx_word' id='word_1_127' title='bbox 882 1054 1053 1084; x_wconf 64' lang='lat' dir='ltr'>Alorcover</span> <span class='ocrx_word' id='word_1_128' title='bbox 1078 1056 1109 1093; x_wconf 58' lang='grc' dir='ltr'>(ξ</span> <span class='ocrx_word' id='word_1_129' title='bbox 1137 1055 1191 1093; x_wconf 66' lang='grc' dir='ltr'>3ῑῖ</span> <span class='ocrx_word' id='word_1_130' title='bbox 1213 1054 1253 1084; x_wconf 74' lang='lat' dir='ltr'>lze</span> <span class='ocrx_word' id='word_1_131' title='bbox 1273 1054 1399 1084; x_wconf 78' lang='lat' dir='ltr'>retains</span> <span class='ocrx_word' id='word_1_132' title='bbox 1419 1053 1473 1085; x_wconf 72' lang='lat' dir='ltr'>tlte</span> 
     </span>
     <span class='ocr_line' id='line_1_16' title="bbox 295 1107 1473 1149; baseline 0.003 -14"><span class='ocrx_word' id='word_1_133' title='bbox 295 1116 438 1146; x_wconf 80' lang='lat' dir='ltr'>memory</span> <span class='ocrx_word' id='word_1_134' title='bbox 457 1107 622 1148; x_wconf 69' lang='lat' dir='ltr'>cffdccrees</span> <span class='ocrx_word' id='word_1_135' title='bbox 642 1107 682 1148; x_wconf 88' lang='lat' dir='ltr'>of</span> <span class='ocrx_word' id='word_1_136' title='bbox 695 1107 747 1138; x_wconf 73' lang='lat' dir='ltr'>the</span> <span class='ocrx_word' id='word_1_137' title='bbox 766 1108 883 1138; x_wconf 70' lang='lat' dir='ltr'>Scnale</span> <span class='ocrx_word' id='word_1_138' title='bbox 905 1108 977 1138; x_wconf 81' lang='lat' dir='ltr'>and</span> <span class='ocrx_word' id='word_1_139' title='bbox 995 1107 1036 1149; x_wconf 89' lang='lat' dir='ltr'>of</span> <span class='ocrx_word' id='word_1_140' title='bbox 1043 1109 1195 1148; x_wconf 76' lang='lat' dir='ltr'>generals</span> <span class='ocrx_word' id='word_1_141' title='bbox 1216 1108 1256 1149; x_wconf 91' lang='lat' dir='ltr'>of</span> <span class='ocrx_word' id='word_1_142' title='bbox 1264 1109 1365 1139; x_wconf 75' lang='lat' dir='ltr'>Rome</span> <span class='ocrx_word' id='word_1_143' title='bbox 1381 1108 1473 1139; x_wconf 78' lang='lat' dir='ltr'>made</span> 
     </span>
     <span class='ocr_line' id='line_1_17' title="bbox 295 1160 1472 1204; baseline 0.003 -14"><span class='ocrx_word' id='word_1_144' title='bbox 295 1160 332 1191; x_wconf 77' lang='lat' dir='ltr'>in</span> <span class='ocrx_word' id='word_1_145' title='bbox 358 1160 410 1191; x_wconf 77' lang='lat' dir='ltr'>his</span> <span class='ocrx_word' id='word_1_146' title='bbox 433 1161 582 1192; x_wconf 78' lang='lat' dir='ltr'><em>honour:</em></span> <span class='ocrx_word' id='word_1_147' title='bbox 606 1162 677 1192; x_wconf 79' lang='lat' dir='ltr'>and</span> <span class='ocrx_word' id='word_1_148' title='bbox 693 1162 760 1193; x_wconf 83' lang='lat' dir='ltr'><em>also</em></span> <span class='ocrx_word' id='word_1_149' title='bbox 780 1162 832 1193; x_wconf 59' lang='lat' dir='ltr'>tlte</span> <span class='ocrx_word' id='word_1_150' title='bbox 855 1163 1089 1193; x_wconf 76' lang='lat' dir='ltr'>consciousness</span> <span class='ocrx_word' id='word_1_151' title='bbox 1113 1162 1153 1204; x_wconf 86' lang='lat' dir='ltr'>of</span> <span class='ocrx_word' id='word_1_152' title='bbox 1167 1163 1219 1194; x_wconf 69' lang='lat' dir='ltr'>leis</span> <span class='ocrx_word' id='word_1_153' title='bbox 1242 1173 1315 1194; x_wconf 75' lang='lat' dir='ltr'>own</span> <span class='ocrx_word' id='word_1_154' title='bbox 1339 1162 1472 1194; x_wconf 52' lang='lat' dir='ltr'>vidue)</span> 
     </span>
     <span class='ocr_line' id='line_1_18' title="bbox 297 1215 1472 1259; baseline 0.002 -13"><span class='ocrx_word' id='word_1_155' title='bbox 297 1215 445 1247; x_wconf 72' lang='lat' dir='ltr'>Caesar&#39;s</span> <span class='ocrx_word' id='word_1_156' title='bbox 467 1227 540 1247; x_wconf 72' lang='lat' dir='ltr'>own</span> <span class='ocrx_word' id='word_1_157' title='bbox 565 1218 660 1248; x_wconf 72' lang='lat' dir='ltr'>leller</span> <span class='ocrx_word' id='word_1_158' title='bbox 681 1222 712 1248; x_wconf 81' lang='lat' dir='ltr'>to</span> <span class='ocrx_word' id='word_1_159' title='bbox 736 1217 817 1249; x_wconf 73' lang='lat' dir='ltr'>him.</span> <span class='ocrx_word' id='word_1_160' title='bbox 868 1217 900 1257; x_wconf 67' lang='grc' dir='ltr'>(ξ</span> <span class='ocrx_word' id='word_1_161' title='bbox 929 1218 982 1259; x_wconf 65' lang='lat'>39)</span> <span class='ocrx_word' id='word_1_162' title='bbox 1009 1218 1044 1249; x_wconf 80' lang='lat' dir='ltr'>Il</span> <span class='ocrx_word' id='word_1_163' title='bbox 1067 1217 1181 1248; x_wconf 81' lang='lat' dir='ltr'><em>would</em></span> <span class='ocrx_word' id='word_1_164' title='bbox 1205 1222 1308 1249; x_wconf 74' lang='lat' dir='ltr'>create</span> <span class='ocrx_word' id='word_1_165' title='bbox 1327 1228 1348 1248; x_wconf 85' lang='lat' dir='ltr'><em>a</em></span> <span class='ocrx_word' id='word_1_166' title='bbox 1374 1217 1472 1248; x_wconf 82' lang='lat' dir='ltr'><em>wide-</em></span> 
     </span>
     <span class='ocr_line' id='line_1_19' title="bbox 293 1262 1482 1314; baseline 0.001 -13"><span class='ocrx_word' id='word_1_167' title='bbox 293 1270 551 1313; x_wconf 67' lang='lat' dir='ltr'>sprcadfeelz&#39;ng</span> <span class='ocrx_word' id='word_1_168' title='bbox 569 1272 609 1313; x_wconf 86' lang='lat' dir='ltr'>os</span> <span class='ocrx_word' id='word_1_169' title='bbox 621 1262 813 1303; x_wconf 45' lang='lat' dir='ltr'>uncas-inest</span> <span class='ocrx_word' id='word_1_170' title='bbox 835 1272 871 1314; x_wconf 77' lang='lat' dir='ltr'>if</span> <span class='ocrx_word' id='word_1_171' title='bbox 881 1273 1005 1304; x_wconf 82' lang='lat' dir='ltr'>Caesar</span> <span class='ocrx_word' id='word_1_172' title='bbox 1024 1283 1108 1304; x_wconf 75' lang='lat' dir='ltr'>were</span> <span class='ocrx_word' id='word_1_173' title='bbox 1123 1277 1154 1304; x_wconf 86' lang='lat' dir='ltr'>to</span> <span class='ocrx_word' id='word_1_174' title='bbox 1173 1273 1284 1304; x_wconf 74' lang='lat' dir='ltr'>revoke</span> <span class='ocrx_word' id='word_1_175' title='bbox 1306 1272 1359 1303; x_wconf 82' lang='lat' dir='ltr'><em>lzz&#39;s</em></span> <span class='ocrx_word' id='word_1_176' title='bbox 1376 1276 1428 1303; x_wconf 83' lang='lat' dir='ltr'>act</span> <span class='ocrx_word' id='word_1_177' title='bbox 1442 1271 1482 1312; x_wconf 89' lang='lat' dir='ltr'>of</span> 
     </span>
     <span class='ocr_line' id='line_1_20' title="bbox 289 1327 751 1365; baseline 0.004 -9"><span class='ocrx_word' id='word_1_178' title='bbox 289 1335 386 1365; x_wconf 76' lang='lat' dir='ltr'>grace</span> <span class='ocrx_word' id='word_1_179' title='bbox 402 1327 545 1358; x_wconf 76' lang='lat' dir='ltr'><em>towards</em></span> <span class='ocrx_word' id='word_1_180' title='bbox 561 1328 751 1358; x_wconf 76' lang='lat' dir='ltr'><em>Deiotarus.</em></span> 
     </span>
    </p>
   </div>
   <div class='ocr_carea' id='block_1_4' title="bbox 206 1419 1473 1995">
    <p class='ocr_par' dir='ltr' id='par_1_4' title="bbox 206 1419 1473 1995">
     <span class='ocr_line' id='line_1_21' title="bbox 264 1419 1472 1471; baseline 0 -13"><span class='ocrx_word' id='word_1_181' title='bbox 264 1419 340 1454; x_wconf 84' lang='lat'>13·</span> <span class='ocrx_word' id='word_1_182' title='bbox 372 1420 475 1459; x_wconf 83' lang='lat' dir='ltr'>Nihil</span> <span class='ocrx_word' id='word_1_183' title='bbox 496 1435 517 1459; x_wconf 90' lang='lat' dir='ltr'>a</span> <span class='ocrx_word' id='word_1_184' title='bbox 538 1434 601 1460; x_wconf 88' lang='lat' dir='ltr'>me</span> <span class='ocrx_word' id='word_1_185' title='bbox 631 1423 794 1459; x_wconf 82' lang='lat' dir='ltr'>arbitror</span> <span class='ocrx_word' id='word_1_186' title='bbox 819 1422 1140 1471; x_wconf 85' lang='lat' dir='ltr'>praetermissum,</span> <span class='ocrx_word' id='word_1_187' title='bbox 1164 1422 1231 1459; x_wconf 91' lang='lat' dir='ltr'>sed</span> <span class='ocrx_word' id='word_1_188' title='bbox 1255 1421 1397 1471; x_wconf 88' lang='lat' dir='ltr'>aliquid</span> <span class='ocrx_word' id='word_1_189' title='bbox 1424 1421 1472 1458; x_wconf 91' lang='lat' dir='ltr'>ad</span> 
     </span>
     <span class='ocr_line' id='line_1_22' title="bbox 208 1486 1472 1537; baseline -0.002 -11"><span class='ocrx_word' id='word_1_190' title='bbox 208 1495 422 1526; x_wconf 81' lang='lat' dir='ltr'>extremam</span> <span class='ocrx_word' id='word_1_191' title='bbox 452 1500 591 1525; x_wconf 83' lang='lat' dir='ltr'>causae</span> <span class='ocrx_word' id='word_1_192' title='bbox 621 1495 769 1537; x_wconf 89' lang='lat' dir='ltr'>partem</span> <span class='ocrx_word' id='word_1_193' title='bbox 799 1494 1044 1525; x_wconf 83' lang='lat' dir='ltr'>reservatum.</span> <span class='ocrx_word' id='word_1_194' title='bbox 1103 1487 1149 1524; x_wconf 91' lang='lat' dir='ltr'>Id</span> <span class='ocrx_word' id='word_1_195' title='bbox 1175 1494 1303 1525; x_wconf 89' lang='lat' dir='ltr'>autem</span> <span class='ocrx_word' id='word_1_196' title='bbox 1331 1486 1472 1536; x_wconf 86' lang='lat' dir='ltr'>aliquid</span> 
     </span>
     <span class='ocr_line' id='line_1_23' title="bbox 207 1551 1471 1602; baseline -0.002 -11"><span class='ocrx_word' id='word_1_197' title='bbox 207 1561 275 1600; x_wconf 88' lang='lat' dir='ltr'>est,</span> <span class='ocrx_word' id='word_1_198' title='bbox 304 1561 340 1591; x_wconf 88' lang='lat' dir='ltr'>te</span> <span class='ocrx_word' id='word_1_199' title='bbox 372 1561 411 1591; x_wconf 88' lang='lat' dir='ltr'>ut</span> <span class='ocrx_word' id='word_1_200' title='bbox 442 1553 556 1602; x_wconf 86' lang='lat' dir='ltr'>plane</span> <span class='ocrx_word' id='word_1_201' title='bbox 590 1552 776 1590; x_wconf 86' lang='lat' dir='ltr'>Deiotaro</span> <span class='ocrx_word' id='word_1_202' title='bbox 814 1553 1034 1590; x_wconf 90' lang='lat' dir='ltr'>reconciliet</span> <span class='ocrx_word' id='word_1_203' title='bbox 1072 1553 1193 1590; x_wconf 86' lang='lat' dir='ltr'>oratio</span> <span class='ocrx_word' id='word_1_204' title='bbox 1224 1564 1322 1590; x_wconf 91' lang='lat' dir='ltr'>mea.</span> <span class='ocrx_word' id='word_1_205' title='bbox 1379 1551 1471 1590; x_wconf 90' lang='lat' dir='ltr'>Non</span> 
     </span>
     <span class='ocr_line' id='line_1_24' title="bbox 208 1618 1472 1664; baseline -0.002 -8"><span class='ocrx_word' id='word_1_206' title='bbox 208 1620 311 1657; x_wconf 89' lang='lat' dir='ltr'>enim</span> <span class='ocrx_word' id='word_1_207' title='bbox 343 1620 420 1656; x_wconf 85' lang='lat' dir='ltr'>iam</span> <span class='ocrx_word' id='word_1_208' title='bbox 449 1627 591 1663; x_wconf 65' lang='lat' dir='ltr'>metus),</span> <span class='ocrx_word' id='word_1_209' title='bbox 622 1631 670 1656; x_wconf 92' lang='lat' dir='ltr'>ne</span> <span class='ocrx_word' id='word_1_210' title='bbox 701 1626 740 1655; x_wconf 93' lang='lat' dir='ltr'>tu</span> <span class='ocrx_word' id='word_1_211' title='bbox 770 1618 821 1655; x_wconf 87' lang='lat' dir='ltr'>illi</span> <span class='ocrx_word' id='word_1_212' title='bbox 855 1630 1091 1664; x_wconf 80' lang='lat' dir='ltr'>suscenseas,</span> <span class='ocrx_word' id='word_1_213' title='bbox 1123 1618 1215 1655; x_wconf 91' lang='lat' dir='ltr'>illud</span> <span class='ocrx_word' id='word_1_214' title='bbox 1237 1630 1392 1662; x_wconf 80' lang='lat' dir='ltr'>¹vereor,</span> <span class='ocrx_word' id='word_1_215' title='bbox 1423 1630 1472 1655; x_wconf 90' lang='lat' dir='ltr'>ne</span> 
     </span>
     <span class='ocr_line' id='line_1_25' title="bbox 207 1683 1472 1733; baseline -0.002 -12"><span class='ocrx_word' id='word_1_216' title='bbox 207 1685 273 1722; x_wconf 84' lang='lat' dir='ltr'>tibi</span> <span class='ocrx_word' id='word_1_217' title='bbox 300 1685 405 1721; x_wconf 86' lang='lat' dir='ltr'>illum</span> <span class='ocrx_word' id='word_1_218' title='bbox 434 1696 654 1721; x_wconf 81' lang='lat' dir='ltr'>suscensere</span> <span class='ocrx_word' id='word_1_219' title='bbox 684 1683 827 1733; x_wconf 86' lang='lat' dir='ltr'>aliquid</span> <span class='ocrx_word' id='word_1_220' title='bbox 854 1683 1068 1733; x_wconf 79' lang='lat' dir='ltr'>suspicere3</span> <span class='ocrx_word' id='word_1_221' title='bbox 1102 1683 1207 1733; x_wconf 87' lang='lat' dir='ltr'>quod</span> <span class='ocrx_word' id='word_1_222' title='bbox 1229 1684 1337 1721; x_wconf 84' lang='lat' dir='ltr'>abest</span> <span class='ocrx_word' id='word_1_223' title='bbox 1363 1683 1472 1733; x_wconf 87' lang='lat' dir='ltr'>long—</span> 
     </span>
     <span class='ocr_line' id='line_1_26' title="bbox 206 1748 1471 1803; baseline -0.002 -16"><span class='ocrx_word' id='word_1_224' title='bbox 206 1750 345 1803; x_wconf 84' lang='lat' dir='ltr'>issime,</span> <span class='ocrx_word' id='word_1_225' title='bbox 376 1749 469 1786; x_wconf 88' lang='lat' dir='ltr'>mihi</span> <span class='ocrx_word' id='word_1_226' title='bbox 499 1749 623 1795; x_wconf 88' lang='lat' dir='ltr'>crede,</span> <span class='ocrx_word' id='word_1_227' title='bbox 656 1748 810 1786; x_wconf 86' lang='lat' dir='ltr'>Caesar.</span> <span class='ocrx_word' id='word_1_228' title='bbox 870 1748 976 1796; x_wconf 86' lang='lat' dir='ltr'><strong>Quid</strong></span> <span class='ocrx_word' id='word_1_229' title='bbox 1007 1749 1109 1786; x_wconf 92' lang='lat' dir='ltr'>enim</span> <span class='ocrx_word' id='word_1_230' title='bbox 1139 1749 1297 1786; x_wconf 87' lang='lat' dir='ltr'>retineat</span> <span class='ocrx_word' id='word_1_231' title='bbox 1326 1761 1393 1798; x_wconf 90' lang='lat' dir='ltr'>per</span> <span class='ocrx_word' id='word_1_232' title='bbox 1422 1755 1471 1794; x_wconf 86' lang='lat' dir='ltr'>te,</span> 
     </span>
     <span class='ocr_line' id='line_1_27' title="bbox 208 1813 1472 1865; baseline -0.001 -13"><span class='ocrx_word' id='word_1_233' title='bbox 208 1815 393 1860; x_wconf 84' lang='lat' dir='ltr'>meminit,</span> <span class='ocrx_word' id='word_1_234' title='bbox 433 1827 512 1852; x_wconf 93' lang='lat' dir='ltr'>non</span> <span class='ocrx_word' id='word_1_235' title='bbox 555 1813 646 1865; x_wconf 86' lang='lat' dir='ltr'>quid</span> <span class='ocrx_word' id='word_1_236' title='bbox 680 1814 857 1860; x_wconf 87' lang='lat' dir='ltr'>amiserit,</span> <span class='ocrx_word' id='word_1_237' title='bbox 896 1826 1021 1864; x_wconf 88' lang='lat' dir='ltr'>neque</span> <span class='ocrx_word' id='word_1_238' title='bbox 1062 1826 1100 1852; x_wconf 93' lang='lat' dir='ltr'>se</span> <span class='ocrx_word' id='word_1_239' title='bbox 1139 1826 1161 1851; x_wconf 91' lang='lat' dir='ltr'>a</span> <span class='ocrx_word' id='word_1_240' title='bbox 1201 1821 1236 1852; x_wconf 91' lang='lat' dir='ltr'>te</span> <span class='ocrx_word' id='word_1_241' title='bbox 1268 1813 1472 1851; x_wconf 89' lang='lat' dir='ltr'>multatum</span> 
     </span>
     <span class='ocr_line' id='line_1_28' title="bbox 209 1879 1472 1926; baseline -0.002 -8"><span class='ocrx_word' id='word_1_242' title='bbox 209 1880 418 1925; x_wconf 81' lang='lat' dir='ltr'>arbitratur,</span> <span class='ocrx_word' id='word_1_243' title='bbox 452 1879 531 1926; x_wconf 83' lang='lat' dir='ltr'>sed,</span> <span class='ocrx_word' id='word_1_244' title='bbox 567 1892 655 1917; x_wconf 89' lang='lat' dir='ltr'>cum</span> <span class='ocrx_word' id='word_1_245' title='bbox 690 1880 923 1917; x_wconf 86' lang='lat' dir='ltr'>existimares</span> <span class='ocrx_word' id='word_1_246' title='bbox 956 1879 1083 1917; x_wconf 88' lang='lat' dir='ltr'>multis</span> <span class='ocrx_word' id='word_1_247' title='bbox 1123 1880 1190 1916; x_wconf 87' lang='lat' dir='ltr'>tibi</span> <span class='ocrx_word' id='word_1_248' title='bbox 1229 1879 1350 1916; x_wconf 88' lang='lat' dir='ltr'>multa</span> <span class='ocrx_word' id='word_1_249' title='bbox 1389 1891 1472 1917; x_wconf 89' lang='lat' dir='ltr'>esse</span> 
     </span>
     <span class='ocr_line' id='line_1_29' title="bbox 209 1943 1473 1995; baseline -0.001 -13"><span class='ocrx_word' id='word_1_250' title='bbox 209 1945 423 1991; x_wconf 86' lang='lat' dir='ltr'>tribuenda,</span> <span class='ocrx_word' id='word_1_251' title='bbox 446 1957 523 1995; x_wconf 84' lang='lat' dir='ltr'>quo</span> <span class='ocrx_word' id='word_1_252' title='bbox 553 1945 680 1982; x_wconf 88' lang='lat' dir='ltr'>minus</span> <span class='ocrx_word' id='word_1_253' title='bbox 710 1958 732 1982; x_wconf 90' lang='lat' dir='ltr'>a</span> <span class='ocrx_word' id='word_1_254' title='bbox 761 1957 812 1990; x_wconf 90' lang='lat' dir='ltr'>se,</span> <span class='ocrx_word' id='word_1_255' title='bbox 831 1945 895 1995; x_wconf 85' lang='lat' dir='ltr'>qui</span> <span class='ocrx_word' id='word_1_256' title='bbox 926 1945 964 1981; x_wconf 91' lang='lat' dir='ltr'>in</span> <span class='ocrx_word' id='word_1_257' title='bbox 994 1945 1112 1982; x_wconf 88' lang='lat' dir='ltr'>altera</span> <span class='ocrx_word' id='word_1_258' title='bbox 1132 1952 1235 1994; x_wconf 87' lang='lat' dir='ltr'>parte</span> <span class='ocrx_word' id='word_1_259' title='bbox 1265 1943 1405 1991; x_wconf 84' lang='lat' dir='ltr'>fuisset,</span> <span class='ocrx_word' id='word_1_260' title='bbox 1427 1957 1473 1982; x_wconf 90' lang='lat' dir='ltr'>ea</span> 
     </span>
    </p>
   </div>
   <div class='ocr_carea' id='block_1_5' title="bbox 151 2009 1473 2059">
    <p class='ocr_par' dir='ltr' id='par_1_5' title="bbox 151 2009 1473 2059">
     <span class='ocr_line' id='line_1_30' title="bbox 151 2009 1473 2059; baseline -0.001 -11"><span class='ocrx_word' id='word_1_261' title='bbox 151 2018 190 2048; x_wconf 85' lang='lat'>36</span> <span class='ocrx_word' id='word_1_262' title='bbox 211 2023 392 2058; x_wconf 86' lang='lat' dir='ltr'>sumeres,</span> <span class='ocrx_word' id='word_1_263' title='bbox 426 2023 505 2048; x_wconf 90' lang='lat' dir='ltr'>non</span> <span class='ocrx_word' id='word_1_264' title='bbox 536 2011 735 2048; x_wconf 83' lang='lat' dir='ltr'>recusavit.</span> <span class='ocrx_word' id='word_1_265' title='bbox 792 2010 958 2056; x_wconf 89' lang='lat' dir='ltr'>Etenim,</span> <span class='ocrx_word' id='word_1_266' title='bbox 994 2010 1025 2047; x_wconf 93' lang='lat' dir='ltr'>si</span> <span class='ocrx_word' id='word_1_267' title='bbox 1056 2009 1272 2048; x_wconf 82' lang='lat' dir='ltr'>Antiochus</span> <span class='ocrx_word' id='word_1_268' title='bbox 1304 2009 1473 2059; x_wconf 86' lang='lat' dir='ltr'>Magnus</span> 
     </span>
    </p>
   </div>
   <div class='ocr_carea' id='block_1_6' title="bbox 209 2076 1473 2258">
    <p class='ocr_par' dir='ltr' id='par_1_6' title="bbox 209 2076 1473 2258">
     <span class='ocr_line' id='line_1_31' title="bbox 210 2076 1473 2126; baseline -0.001 -12"><span class='ocrx_word' id='word_1_269' title='bbox 210 2077 282 2122; x_wconf 75' lang='lat' dir='ltr'>ille,</span> <span class='ocrx_word' id='word_1_270' title='bbox 313 2089 379 2114; x_wconf 81' lang='lat' dir='ltr'>rex</span> <span class='ocrx_word' id='word_1_271' title='bbox 409 2077 536 2123; x_wconf 86' lang='lat' dir='ltr'>Asiae,</span> <span class='ocrx_word' id='word_1_272' title='bbox 567 2089 668 2122; x_wconf 89' lang='lat' dir='ltr'>cum,</span> <span class='ocrx_word' id='word_1_273' title='bbox 689 2084 945 2126; x_wconf 80' lang='lat' dir='ltr'>posteaquam</span> <span class='ocrx_word' id='word_1_274' title='bbox 972 2089 994 2114; x_wconf 91' lang='lat' dir='ltr'>a</span> <span class='ocrx_word' id='word_1_275' title='bbox 1015 2076 1059 2114; x_wconf 90' lang='lat' dir='ltr'>L.</span> <span class='ocrx_word' id='word_1_276' title='bbox 1092 2076 1272 2126; x_wconf 88' lang='lat' dir='ltr'>Scipione</span> <span class='ocrx_word' id='word_1_277' title='bbox 1302 2076 1473 2114; x_wconf 91' lang='lat' dir='ltr'>devictus</span> 
     </span>
     <span class='ocr_line' id='line_1_32' title="bbox 209 2141 1472 2192; baseline 0 -13"><span class='ocrx_word' id='word_1_278' title='bbox 209 2147 269 2187; x_wconf 78' lang='lat' dir='ltr'>est,</span> <span class='ocrx_word' id='word_1_279' title='bbox 302 2142 436 2180; x_wconf 86' lang='lat' dir='ltr'>Tauro</span> <span class='ocrx_word' id='word_1_280' title='bbox 471 2148 584 2179; x_wconf 86' lang='lat' dir='ltr'>tenus</span> <span class='ocrx_word' id='word_1_281' title='bbox 618 2155 778 2192; x_wconf 84' lang='lat' dir='ltr'>regnare</span> <span class='ocrx_word' id='word_1_282' title='bbox 810 2142 936 2180; x_wconf 90' lang='lat' dir='ltr'>iussus</span> <span class='ocrx_word' id='word_1_283' title='bbox 972 2149 1072 2179; x_wconf 89' lang='lat' dir='ltr'>esset</span> <span class='ocrx_word' id='word_1_284' title='bbox 1106 2154 1343 2191; x_wconf 89' lang='lat' dir='ltr'>omnemque</span> <span class='ocrx_word' id='word_1_285' title='bbox 1374 2141 1472 2179; x_wconf 87' lang='lat' dir='ltr'>hanc</span> 
     </span>
     <span class='ocr_line' id='line_1_33' title="bbox 210 2205 1472 2258; baseline -0.002 -13"><span class='ocrx_word' id='word_1_286' title='bbox 210 2205 356 2254; x_wconf 85' lang='lat' dir='ltr'>Asiam,</span> <span class='ocrx_word' id='word_1_287' title='bbox 378 2220 477 2258; x_wconf 89' lang='lat' dir='ltr'>quae</span> <span class='ocrx_word' id='word_1_288' title='bbox 505 2215 562 2246; x_wconf 87' lang='lat' dir='ltr'>est</span> <span class='ocrx_word' id='word_1_289' title='bbox 591 2220 694 2246; x_wconf 88' lang='lat' dir='ltr'>nunc</span> <span class='ocrx_word' id='word_1_290' title='bbox 723 2214 853 2246; x_wconf 88' lang='lat' dir='ltr'>nostra</span> <span class='ocrx_word' id='word_1_291' title='bbox 882 2207 1089 2257; x_wconf 85' lang='lat' dir='ltr'>provincia,</span> <span class='ocrx_word' id='word_1_292' title='bbox 1121 2207 1319 2253; x_wconf 87' lang='lat' dir='ltr'>amisisset,</span> <span class='ocrx_word' id='word_1_293' title='bbox 1349 2206 1472 2245; x_wconf 88' lang='lat' dir='ltr'>dicere</span> 
     </span>
    </p>
   </div>
  </div>
 </body>
</html>
