1659 2499
211 62 264 103 30
573 58 626 91 M.
663 59 812 91 TULLI
841 59 1107 91 CICERONIS

210 165 344 214 nisque
376 165 484 214 regis,
519 165 624 214 quod
658 165 783 214 ipsum
817 165 888 202 etsi
919 178 1000 203 non
1030 165 1205 215 iniquum
1239 173 1296 203 est
1329 165 1367 202 in
1401 172 1468 203 tuo

209 230 407 267 dumtaxat
436 230 614 280 periculo,
636 238 764 268 tamen
794 237 850 268 est
878 231 930 268 ita
949 231 1171 268 inusitatum
1201 243 1329 280 regem
1360 243 1465 269 reum

172 305 189 333 2
210 295 342 344 capitis
362 307 455 341 esse,
475 304 515 333 ut
535 303 623 333 ante
643 296 718 333 hoc
738 303 890 345 tempus
910 308 989 333 non
1011 296 1057 333 sit
1076 296 1259 333 auditum.
1317 296 1467 334 Deinde

209 370 297 395 eum
321 370 463 408 regern,
484 371 597 408 quem
626 371 761 396 ornare
786 366 898 395 antea
924 365 1063 396 cuncto
1093 370 1180 395 cum
1210 365 1344 396 senatu
1369 359 1468 397 sole-

208 424 299 460 bam
320 435 390 473 pro
411 424 603 473 perpetuis
625 424 704 460 eius
733 424 770 460 in
797 430 967 460 nostram
996 435 1077 460 rem
1098 424 1290 472 publicam
1310 424 1464 468 meritis,

208 501 311 526 nunc
332 496 465 526 contra
481 489 759 527 atrocissimum
781 489 922 526 crimen
937 501 1055 538 cogor
1076 488 1288 526 defendere.
1345 490 1465 527 Acce-

207 554 271 599 dit,
293 563 333 592 ut
353 562 622 592 accusatorum
644 554 796 591 alterius
812 554 1044 599 crudelitate,
1067 554 1219 592 alterius
1239 555 1465 604 indignitate

207 620 423 658 conturber.
481 619 684 657 Crudelem
706 619 917 665 Castorem,
940 632 990 657 ne
1019 619 1145 657 dicam
1176 620 1400 658 sceleratum
1431 628 1467 658 et

208 685 378 734 impium,
414 685 477 734 qui
507 697 628 734 nepos
658 697 769 722 avum
801 685 838 722 in
868 685 1003 734 capitis
1033 685 1237 722 discrimen
1265 685 1466 724 adduxerit

207 750 564 800 adulescentiaeque
584 762 675 788 suae
696 757 879 788 terrorem
899 750 1064 788 intulerit
1093 751 1138 796 ei,
1161 751 1268 788 cuius
1293 758 1466 789 senectu-

209 825 283 854 tem
305 816 400 853 tueri
422 822 459 853 et
479 822 606 865 tegere
627 815 803 860 debebat,
826 816 1281 866 commendationemque
1302 817 1467 854 ineuntis

208 882 339 919 aetatis
359 882 406 919 ab
423 882 614 931 impietate
630 889 667 919 et
680 881 820 919 scelere
837 881 996 927 duxerit,
1010 882 1068 919 avi
1079 894 1231 919 servum
1247 890 1466 932 corruptum

208 948 387 996 praemiis
416 947 463 983 ad
491 946 750 984 accusandum
778 947 976 984 dominum
1003 947 1187 996 inpulerit,
1209 960 1231 984 a
1254 947 1466 997 legatorum

171 1027 188 1056 3
210 1013 369 1062 pedibus
393 1012 617 1049 abduxerit!
675 1011 837 1061 Fugitivi
858 1020 986 1049 autem
1013 1012 1214 1049 dominum
1241 1013 1465 1058 accusantis,

207 1086 242 1116 et
272 1078 472 1115 dominum
494 1079 691 1115 absentem
711 1086 746 1114 et
777 1077 977 1115 dominum
1007 1078 1282 1115 amicissimum
1313 1085 1467 1115 nostrae

208 1145 259 1181 rei
288 1143 473 1193 publicae,
494 1155 581 1180 cum
612 1155 655 1180 os
677 1143 864 1187 videbam,
887 1155 975 1180 curn
1006 1143 1120 1180 verba
1150 1143 1364 1190 audiebam,
1387 1155 1466 1181 non

208 1216 285 1246 tam
324 1208 515 1245 adflictam
555 1208 698 1258 regiam
738 1207 1005 1246 condicionem
1045 1207 1221 1246 dolebam
1261 1221 1378 1258 quarn
1417 1208 1465 1246 de

209 1273 368 1311 fortunis
406 1274 678 1311 communibus
717 1274 1028 1311 extimescebam.
1087 1273 1202 1319 Nam,
1237 1286 1325 1311 cum
1360 1286 1466 1311 more

209 1340 398 1377 maiorum
443 1339 489 1376 de
529 1351 637 1377 servo
675 1339 711 1376 in
751 1339 952 1376 dominum
991 1351 1038 1376 ne
1075 1339 1275 1377 tormentis
1313 1339 1467 1389 quidem

209 1405 339 1454 quaeri
359 1405 478 1450 liceat,
501 1405 537 1441 in
559 1417 635 1454 qua
657 1405 880 1454 quaestione
901 1404 1010 1441 dolor
1030 1404 1163 1442 elicere
1184 1417 1312 1442 veram
1333 1417 1466 1442 vocem

208 1470 329 1520 possit
359 1471 471 1508 etiam
502 1471 549 1507 ab
580 1470 707 1517 invito,
738 1477 894 1508 exortus
923 1476 978 1507 est
1007 1481 1147 1515 servus,
1178 1470 1253 1520 qui,
1283 1482 1399 1519 quem
1429 1470 1466 1507 in

207 1535 342 1573 eculeo
362 1536 554 1585 appellare
578 1547 656 1572 non
676 1543 815 1585 posset,
835 1547 923 1572 eum
944 1542 1096 1572 accuset
1121 1534 1274 1572 solutus.

169 1612 186 1640 4
264 1599 307 1635 2.
339 1600 532 1638 Perturbat
553 1613 625 1646 me,
649 1600 692 1638 C.
715 1600 869 1646 Caesar,
890 1600 1004 1637 etiam
1025 1600 1116 1637 illud
1137 1599 1339 1645 interdum,
1362 1600 1467 1649 quod

208 1674 349 1711 tamen,
371 1679 459 1703 curn
481 1674 515 1702 te
537 1666 687 1714 penitus
708 1666 926 1714 recognovi,
948 1666 1079 1702 timere
1107 1651 1264 1711 desino3
1295 1677 1334 1702 re
1362 1665 1464 1702 enim

207 1733 378 1782 iniquum
414 1738 481 1778 est,
514 1732 580 1769 sed
610 1739 675 1768 tua
716 1731 899 1780 sapientia
941 1731 979 1767 fit
1018 1731 1304 1780 aequissimum.
1362 1729 1464 1767 Nam

207 1798 332 1835 dicere
352 1797 454 1846 apud
475 1809 562 1834 eum
584 1797 629 1834 de
650 1796 829 1842 facinore,
851 1804 983 1834 contra
1002 1796 1108 1834 cuius
1128 1797 1243 1833 vitam
1264 1796 1466 1833 consilium

206 1863 387 1901 facinoris
425 1863 540 1900 inisse
578 1874 750 1912 arguare,
785 1874 872 1899 cum
905 1874 971 1911 per
1006 1874 1045 1898 se
1078 1861 1202 1910 ipsum
1232 1861 1465 1907 consideres,

205 1941 320 1978 grave
354 1936 435 1974 est;
466 1939 583 1965 nemo
616 1928 718 1965 enim
758 1926 835 1964 fere
867 1934 935 1972 est,
970 1927 1034 1976 qui
1066 1927 1125 1964 sui
1159 1927 1317 1976 periculi
1352 1927 1465 1964 iudex

206 2006 286 2031 non
324 1994 393 2030 sibi
425 2005 463 2031 se
503 1993 723 2042 aequiorem
763 2004 884 2042 quam
923 2004 988 2030 reo
1026 1992 1217 2041 praebeat.
1277 1990 1353 2029 Sed
1391 1998 1466 2036 tua,

207 2059 361 2103 Caesar,
382 2066 578 2108 praestans
607 2058 884 2106 singularisque
914 2065 1049 2094 natura
1068 2056 1170 2094 hunc
1200 2056 1293 2093 mihi
1319 2065 1465 2094 metum

205 2124 350 2161 minuit.
410 2123 501 2161 Non
522 2123 625 2160 enirn
645 2131 723 2160 tam
749 2123 876 2168 timeo,
899 2122 990 2171 quid
1018 2130 1058 2159 tu
1082 2122 1130 2159 de
1156 2134 1244 2171 rege
1266 2121 1464 2167 Deiotaro,

166 2202 184 2232 5
206 2203 322 2240 quam
343 2190 533 2239 intellego,
551 2189 642 2241 quid
663 2189 710 2227 de
730 2196 765 2226 te
787 2196 934 2227 ceteros
954 2188 1046 2226 velis
1065 2188 1243 2226 iudicare.
1302 2187 1466 2226 Moveor
