1659 2499
244 96 338 129 PRO
369 96 507 128 REGE
536 97 797 130 DEIOTARO
830 97 1024 130 ORATIO.
1087 89 1133 144 ξς
1167 88 1289 130 8-12.
1347 101 1399 143 33

140 202 267 240 solum
296 202 334 239 in
363 216 451 241 eum
482 216 559 242 non
593 204 898 250 animadvertisti,
929 204 995 242 sed
1024 204 1130 242 omni
1160 210 1264 242 metu
1293 203 1401 242 liber-

139 267 255 314 avisti,
278 268 470 319 hospitem
500 270 701 320 agnovisti,
722 282 852 319 regem
882 270 1075 320 reliquisti.
1133 269 1271 319 Neque
1301 270 1402 308 enim

139 333 200 371 ille
221 334 311 372 odio
332 335 384 372 tui
405 347 631 385 progressus
652 343 720 380 est,
742 335 807 373 sed
827 348 951 373 errore
972 335 1168 373 communi
1189 335 1317 384 lapsus
1336 344 1403 372 est.

141 399 180 437 Is
199 413 276 445 rex,
299 413 415 451 quem
446 409 600 439 senatus
630 401 703 439 hoc
733 402 891 439 nomine
922 413 1037 451 saepe
1066 401 1402 438 honorificentissi-

140 465 212 503 mis
241 466 402 504 decretis
432 466 708 516 appellavisset,
739 467 882 516 quique
913 466 1017 503 illum
1047 466 1222 503 ordinem
1257 467 1306 503 ab
1337 466 1403 503 ad-

141 531 351 569 ulescentia
379 532 647 582 gravissimum
683 532 1041 581 sanctissimumque
1070 531 1252 577 duxisset,
1280 531 1402 569 isdem

140 598 254 635 rebus
292 605 349 636 est
383 599 626 647 perturbatus
664 597 783 635 homo
821 597 1057 647 longinquus
1095 604 1132 635 et
1174 597 1400 647 alienigena,

140 662 278 712 quibus
299 675 371 701 nos
390 663 427 700 in
449 662 574 700 media
595 675 634 700 re
654 663 808 712 publica
828 663 904 700 nati
925 675 1151 712 semperque
1172 663 1318 700 versati.

194 728 240 765 4.
271 727 370 765 Cum
398 728 543 766 audiret
567 736 721 766 senatus
748 728 1019 766 consentientis
1048 728 1271 766 auctoritate
1298 740 1404 766 arma

140 800 304 844 sumpta,
345 793 578 841 consulibus,
627 794 874 843 praetoribus,
913 794 1073 831 tribunis
1117 794 1250 843 plebis,
1290 794 1401 832 nobis

140 859 434 909 imperatoribus
462 871 542 897 rem
571 860 765 909 publicam
795 859 1078 897 defendendam
1107 859 1248 906 datam,
1270 872 1401 897 move—

139 926 251 962 batur
289 925 420 962 animo
449 932 487 962 et
520 924 574 961 vir
605 924 693 962 huie
723 925 885 975 imperio
913 925 1167 963 amicissimus
1199 925 1246 962 de
1281 925 1402 962 salute

139 990 273 1040 populi
307 989 474 1028 Romani
512 990 797 1035 extimescebat,
830 990 869 1027 in
903 1003 978 1040 qua
1016 990 1130 1028 etiam
1168 1002 1278 1028 suam
1318 1002 1402 1028 esse

140 1055 328 1093 inclusam
347 1055 510 1093 videbat.
568 1055 614 1092 In
635 1067 789 1093 summo
809 1062 939 1093 tamen
962 1056 1097 1093 timore
1122 1055 1401 1105 quiescendum

140 1121 211 1159 sibi
240 1133 323 1159 esse
352 1121 614 1158 arbitrabatur.
673 1121 844 1159 Maxime
874 1133 964 1159 vero
997 1122 1236 1171 perturbatus
1265 1127 1333 1166 est,
1363 1127 1403 1158 ut

139 1185 280 1224 audivit
311 1186 490 1224 consules
528 1198 576 1223 ex
616 1186 724 1224 Italia
758 1186 975 1236 profugisse
1014 1199 1226 1236 omnesque
1260 1198 1400 1224 consu-

139 1253 236 1290 lares
257 1251 327 1304 (sic
357 1253 460 1290 enim
485 1253 519 1290 ei
543 1252 819 1303 nuntiabatur),
848 1260 1030 1290 cunctum
1061 1261 1249 1298 senatum,
1279 1259 1401 1290 totam

139 1318 287 1355 Italiam
309 1330 392 1355 esse
413 1318 585 1355 effusam.
644 1317 807 1355 Talibus
834 1318 936 1355 enim
958 1318 1100 1356 nuntiis
1120 1325 1156 1355 et
1183 1318 1401 1356 rumoribus

138 1384 292 1432 patebat
328 1383 378 1420 ad
411 1384 598 1421 orientem
629 1383 698 1429 via,
731 1396 804 1422 nec
840 1383 907 1420 ulli
939 1384 1017 1421 veri
1055 1385 1400 1434 subsequebantur.

139 1447 243 1486 Nihil
264 1448 323 1485 ille
344 1448 391 1486 de
412 1449 706 1486 condicionibus
726 1448 811 1494 tuis,
835 1448 926 1486 nihil
947 1448 994 1486 de
1025 1449 1151 1487 studio
1172 1448 1399 1487 concordiae

137 1520 174 1551 et
203 1514 320 1563 pacis,
341 1513 435 1551 nihil
466 1514 513 1551 de
544 1514 827 1563 conspiratione
857 1514 1034 1552 audiebat
1062 1522 1254 1552 certorum
1275 1513 1399 1552 homi-

137 1591 231 1616 num
270 1586 404 1617 contra
441 1580 667 1629 dignitatem
714 1586 828 1617 tuam.
890 1579 1002 1626 Quae
1042 1592 1132 1617 cum
1170 1581 1222 1617 ita
1260 1586 1398 1624 essent,

135 1653 265 1683 tamen
284 1658 406 1695 usque
427 1657 473 1683 eo
500 1658 539 1683 se
561 1645 690 1690 tenuit,
712 1645 843 1695 quoad
870 1658 891 1683 a
917 1644 989 1682 Cn.
1020 1645 1208 1696 Pompeio
1233 1646 1282 1683 ad
1309 1658 1398 1683 eum

136 1710 250 1760 legati
278 1711 498 1761 litteraeque
527 1717 724 1749 venerunt.
781 1711 957 1760 Ignosce,
983 1711 1151 1760 ignosce,
1182 1711 1336 1757 Caesar,
1369 1710 1399 1747 si

138 1776 219 1813 eius
239 1776 307 1812 viri
328 1776 542 1814 auctoritati
563 1789 627 1813 rex
648 1775 851 1814 Deiotarus
876 1776 998 1822 cessit,
1020 1788 1136 1826 quem
1164 1789 1235 1814 nos
1261 1788 1398 1814 omnes

136 1841 254 1878 secuti
293 1853 440 1888 sumus,
484 1841 532 1878 ad
563 1854 680 1891 quem
712 1854 800 1879 cum
839 1841 877 1879 di
911 1848 1024 1891 atque
1058 1841 1234 1879 homines
1266 1841 1398 1879 omnia

135 1913 362 1944 ornamenta
381 1907 675 1955 congessissent,
698 1913 778 1944 tum
799 1914 840 1944 tu
867 1907 948 1956 ipse
968 1907 1131 1957 plurima
1151 1914 1186 1944 et
1215 1907 1395 1944 maxima.

135 1969 274 2020 Neque
302 1972 417 2017 enim,
452 1973 482 2009 si
516 1979 603 2010 tuae
631 1984 691 2010 res
720 1979 849 2022 gestae
879 1979 1093 2010 ceterorum
1122 1972 1297 2010 laudibus
1328 1974 1397 2010 ob-

134 2036 349 2074 scuritatem
395 2037 620 2083 adtulerunt,
661 2038 801 2076 idcirco
849 2038 938 2076 Cn.v
961 2037 1121 2087 Pompei
1167 2039 1395 2076 memoriam

134 2101 345 2140 amisimus.
402 2102 601 2149 Quantum
633 2115 779 2141 nomen
813 2104 893 2141 eius
927 2103 1049 2150 fuerit,
1085 2112 1249 2153 quantae
1288 2116 1392 2154 opes,

133 2174 277 2217 quanta
306 2168 345 2205 in
373 2169 480 2206 omni
510 2182 650 2219 genere
681 2169 866 2208 bellorum
898 2170 1028 2220 gloria,
1060 2170 1191 2219 quanti
1229 2169 1395 2208 honores

133 2232 264 2282 populi
288 2232 468 2281 Romani,
490 2235 622 2285 quanti
652 2241 816 2282 senatus,
848 2236 979 2285 quanti
1010 2235 1074 2281 tui,
1096 2236 1182 2285 quis
1211 2235 1393 2284 ignorat?

752 2313 777 2338 D

1425 739 1461 768 11
