1659 2499
366 84 459 116 PRO
493 85 531 124 Q.
564 84 765 116 LIGARIO
800 85 994 119 ORATIO.
1058 78 1106 132 ἕξ
1137 90 1235 130 4—9.
1388 89 1433 130 17

173 201 314 238 magna
342 190 444 227 nulla
466 190 498 227 vi
529 199 684 228 coactus
714 191 854 229 iudicio
884 204 929 229 ac
955 191 1146 230 voluntate
1175 192 1223 229 ad
1253 204 1298 229 ea
1328 204 1435 230 arma

172 254 366 303 profectus
387 268 484 300 sum,
507 268 605 305 quae
626 265 732 293 erant
753 264 907 305 sumpta
927 266 1057 295 contra
1079 264 1126 294 te.
1183 257 1298 307 Apud
1318 269 1432 307 quem
1456 262 1486 281 ³*

173 319 284 369 igitur
303 320 376 358 hoc
398 321 512 358 dico?
570 320 722 370 Nempe
749 322 853 371 apud
879 334 980 368 eum,
1001 323 1065 372 qui
1093 335 1182 360 cum
1209 322 1283 360 hoc
1310 323 1433 367 sciret,

172 396 299 423 [amen
321 398 393 432 me,
414 393 623 436 antequam
639 387 739 432 vidit,
756 387 806 425 rei
828 388 1002 437 publicae
1024 387 1199 432 reddidit,
1216 388 1282 438 qui
1303 388 1351 425 ad
1372 400 1434 425 me

169 464 215 489 ex
238 453 418 501 Aegypto
440 452 583 489 litteras
604 453 715 498 misit,
739 460 778 490 ut
799 465 923 490 essem
949 453 1062 497 idem,
1084 454 1148 502 qui
1180 453 1346 498 fuissem,
1369 454 1433 503 qui

170 529 258 555 cum
280 518 361 567 ipse
382 518 589 567 imperator
612 519 650 555 in
678 527 758 556 toto
787 519 946 568 imperio
978 519 1108 568 populi
1140 519 1307 557 Romani
1334 531 1434 556 unus

170 590 282 630 esset,
298 595 382 621 esse
402 596 464 621 me
484 583 644 621 alterum
667 596 801 633 passus
823 592 890 630 est,
906 597 928 622 a
948 597 1026 634 quo
1046 584 1122 622 hoc
1143 585 1228 633 ipso
1248 583 1292 622 C.
1307 583 1434 622 Pansa

170 648 260 685 mihi
283 649 458 686 nuntium
481 648 691 698 perferente
714 661 920 687 concessos
950 649 1073 688 fasces
1101 650 1288 687 laureatos
1318 650 1431 695 tenui,

168 715 298 764 quoad
318 715 507 752 tenendos
528 715 665 764 putavi,
689 715 754 765 qui
781 715 873 752 mihi
899 722 979 752 tum
1009 715 1175 765 denique
1204 727 1244 752 se
1271 715 1431 752 salutem

168 780 312 828 putavit
347 779 514 825 reddere,
545 780 576 818 si
606 792 690 817 cam
724 780 834 817 nullis
869 780 1071 830 spoliatam
1101 780 1336 817 ornamentis
1367 780 1432 818 de-

168 845 294 883 disset.
352 845 462 891 Vide,
485 857 638 894 quaeso,
661 845 834 891 Tubero,
858 852 910 891 ut,
940 845 1005 895 qui
1029 845 1077 882 de
1107 857 1195 883 meo
1223 845 1322 882 facto
1352 858 1431 883 non
1451 854 1469 882 5

168 910 350 952 dubitem.
380 911 427 948 de
463 910 592 959 Ligari
626 923 704 948 non
736 911 898 948 audeam
931 911 1116 948 confiteri.
1173 910 1302 960 Atque
1336 910 1431 948 haec

167 983 370 1025 propterea
392 976 439 1013 de
465 989 526 1014 me
553 976 642 1021 dixi,
664 984 703 1013 ut
730 976 821 1012 mihi
843 977 1015 1021 Tubero,
1037 988 1126 1013 cum
1154 976 1201 1013 de
1229 988 1270 1013 se
1295 976 1430 1013 eadem

167 1041 344 1087 dicerem,
365 1042 578 1091 ignosceret
594 1054 603 1087 ;
632 1042 739 1079 cuius
759 1053 834 1090 ego
853 1041 1059 1078 industriae
1079 1040 1301 1091 gloriaeque
1320 1040 1430 1079 faveo

167 1107 225 1144 vel
274 1114 428 1156 propter
477 1107 732 1156 propinquam
771 1106 1058 1156 cognationem,
1097 1105 1154 1143 vel
1195 1105 1300 1156 quod
1348 1106 1429 1143 eius

166 1172 322 1221 ingenio
343 1172 552 1221 studiisque
576 1172 754 1217 delector,
775 1171 832 1208 vel
859 1171 966 1221 quod
993 1171 1145 1208 laudem
1175 1171 1430 1209 adulescentis

167 1237 371 1287 propinqui
398 1237 573 1275 existimo
594 1237 708 1274 etiam
738 1237 786 1274 ad
816 1248 946 1274 meum
977 1236 1143 1286 aliquem
1172 1236 1339 1273 fructum
1370 1248 1428 1274 re-

166 1302 346 1340 dundare.
406 1301 482 1340 Sed
503 1302 577 1340 hoc
599 1314 767 1352 quaero:
799 1301 897 1348 Quis
917 1309 1024 1351 putat
1044 1313 1124 1339 esse
1147 1301 1293 1338 crimen
1312 1301 1427 1339 fuisse
1447 1316 1464 1340 τι

165 1369 204 1404 in
233 1366 388 1405 Africa?
430 1367 583 1417 Nempe
613 1368 654 1414 is,
681 1368 745 1417 qui
776 1375 813 1404 et
842 1368 923 1416 ipse
953 1367 991 1404 in
1021 1367 1158 1404 eadem
1187 1366 1319 1404 Africa
1343 1378 1426 1404 esse

165 1433 281 1470 voluit
300 1440 336 1470 et
357 1433 591 1482 prohibitum
619 1445 659 1470 se
679 1444 702 1470 a
723 1432 879 1482 Ligario
906 1433 1073 1481 queritur
1099 1438 1135 1469 et
1165 1437 1266 1469 certe
1291 1439 1426 1469 contra

164 1499 288 1547 ipsum
323 1497 533 1536 Caesarem
567 1505 622 1535 est
656 1509 886 1546 congressus
925 1504 1106 1534 armatus.
1166 1496 1271 1543 Quid
1309 1497 1425 1542 enim,

165 1562 336 1609 Tubero,
371 1570 458 1601 tuus
491 1563 552 1600 ille
591 1563 793 1600 destrictus
826 1563 864 1599 in
899 1563 980 1600 acie
1021 1562 1239 1600 Pharsalica
1276 1561 1427 1611 gladius

163 1629 329 1678 agebat?
367 1629 474 1667 euius
504 1628 599 1666 latus
627 1628 686 1666 ille
717 1640 850 1666 mucro
880 1628 1061 1678 petebat?
1092 1627 1156 1677 qui
1185 1639 1321 1665 sensus
1345 1634 1425 1664 erat

163 1706 358 1731 armorum
390 1694 567 1731 tuorum?
607 1705 706 1742 quae
740 1700 804 1730 tua
833 1705 956 1739 mens,
989 1692 1099 1739 oculi,
1130 1704 1279 1739 manus,
1312 1691 1425 1729 ardor

163 1759 308 1797 animi?
356 1760 446 1809 quid
485 1759 677 1808 cupiebas,
719 1758 809 1808 quid
858 1759 1048 1808 optabas?
1117 1757 1243 1795 Nimis
1279 1769 1400 1806 urgeo
1414 1770 1423 1803 ;

163 1825 398 1862 commoveri
418 1824 565 1862 videtur
586 1823 820 1862 adulescens.
878 1823 939 1860 Ad
969 1835 1031 1860 me
1063 1830 1236 1860 revertar.
1294 1822 1423 1860 Isdem

161 1890 199 1926 in
220 1890 334 1927 armis
352 1889 415 1926 fui.

162 2008 206 2038 ΙΙ.
226 2008 280 2049 [ἐξ
307 2008 438 2048 10-16).
485 2010 518 2040 lt
535 2010 563 2040 z's
578 2020 624 2040 an
646 2009 813 2040 inhumata
830 2009 955 2050 (hange.
1011 2010 1077 2040 Yon
1093 2009 1161 2040 seck
1178 2014 1234 2040 not
1250 2008 1422 2049 Ligarius'

247 2063 341 2102 exile,
358 2064 416 2095 but
430 2064 484 2095 leis
498 2064 666 2095 execution
676 2074 687 2095 :
710 2064 833 2105 tlzouglz
841 2075 912 2105 you
933 2064 970 2095 'do
992 2068 1049 2095 not
1064 2074 1111 2095 see
1132 2064 1185 2095 tlte
1197 2063 1277 2105 full
1289 2063 1375 2104 drifl
1390 2064 1431 2104 of

239 2129 332 2159 your
355 2120 471 2150 action.
527 2120 562 2150 lt
587 2119 614 2149 z's
637 2130 715 2151 even
747 2130 835 2150 more
864 2119 1008 2150 lzorrihlc
1033 2124 1064 2150 to
1088 2120 1244 2160 intercept
1274 2117 1422 2150 Caesar's

239 2173 371 2214 pardon
394 2184 435 2205 on
460 2173 502 2205 its
530 2184 612 2215 way.
668 2174 744 2206 Nor
769 2184 829 2205 can
850 2184 918 2214 you
945 2173 1047 2215 pleae!
1073 2173 1194 2214 loyally
1224 2177 1255 2205 lo
1280 2173 1350 2204 him
1383 2174 1420 2204 in

245 2238 369 2260 excuse.

777 2297 800 2324 C
