1659 2499
221 87 236 114 1
246 75 272 114 6
579 85 632 115 M.
670 84 819 116 TULLJ
849 84 1115 116 CICERONIS

214 190 481 228 necessitatem
511 191 623 227 etiam
653 190 868 228 honestam.
926 190 1032 240 Ergo
1063 191 1157 228 haec
1189 191 1266 229 duo
1300 198 1475 241 tempora

214 263 344 293 carent
365 256 535 302 crimine,
555 268 686 302 unum,
708 268 794 293 curn
822 264 878 293 est
899 256 1044 306 legatus
1073 256 1276 306 profectus,
1298 257 1473 301 alterum,

214 333 302 358 cum
349 321 586 370 ecflagitatus
624 334 646 358 a
683 322 879 370 provincia
926 322 1167 371 praepositus
1207 322 1356 360 Africae
1405 331 1472 360 est.

176 389 194 420 5
214 385 388 424 Tertium
418 394 568 436 tempus
597 394 664 432 est,
687 387 792 436 quod
821 395 908 436 post
938 387 1142 424 adventum
1163 387 1256 424 Vari
1285 388 1324 425 in
1345 387 1474 426 Africa

212 452 367 498 restitit;
396 452 501 502 quod
530 453 560 490 si
591 460 648 489 est
677 453 936 499 criminosum,
966 453 1200 490 necessitatis
1230 454 1375 491 crimen
1405 462 1471 498 est,

211 529 291 554 non
321 518 536 556 voluntatis.
594 519 656 554 An
676 518 749 563 ille,
771 518 801 555 si
831 518 1015 567 potuisset
1043 518 1121 555 ullo
1151 518 1268 556 modo
1298 519 1470 564 evadere,

212 582 347 621 Uticae
367 596 485 633 quam
507 583 669 629 Romae,
693 595 781 620 cum
804 583 844 619 P.
865 583 971 620 Attio
991 595 1109 633 quam
1135 596 1224 621 cum
1249 585 1471 621 concordis-

212 649 317 685 simis
337 648 525 694 fratribus,
539 661 627 686 cum
648 649 779 686 alienis
800 661 883 686 esse
904 661 1020 698 quam
1041 661 1129 687 cum
1151 649 1226 686 suis
1247 649 1470 687 maluisset?

212 714 312 751 Cum
342 715 424 763 ipsa
453 715 591 763 legatio
621 714 734 763 plena
762 714 937 751 desiderii
966 727 1010 751 ac
1045 714 1308 751 sollicitudinis
1341 714 1471 752 fuisset

210 786 367 828 propter
387 780 650 817 incredibilem
671 780 865 828 quendam
886 779 1043 816 fratrum
1064 775 1246 824 amorem,
1263 779 1324 816 hic
1344 792 1470 829 aequo

210 845 339 882 animo
360 857 443 882 esse
465 840 586 894 potuit
606 845 693 882 belli
718 845 877 882 discidio
898 845 1096 882 distractus
1117 858 1138 882 a
1160 845 1360 882 fratribus?

211 957 400 986 Tractatio
419 956 472 994 (ἐξ
491 954 604 995 6-29),
621 964 659 984 or
673 953 832 995 handling
849 953 886 985 of
897 954 952 986 the
967 955 1094 996 charge.

211 1010 235 1040 Ι.
254 1012 308 1049 (ἐξ
329 1010 406 1051 6-9)
428 1009 614 1050 [captatio
637 1011 922 1041 benevolentiae
943 1010 1086 1051 iudicis].
1132 1011 1164 1041 T
1160 1009 1198 1041 lte
1217 1014 1329 1041 orator
1347 1010 1469 1041 ἰὴν-οἵω

295 1063 434 1104 himself
441 1074 482 1095 on
503 1063 648 1095 Cacsar's
663 1065 858 1104 generos-ily.
907 1065 1019 1095 ‘Here
1038 1065 1066 1095 is
1087 1066 1265 1105 clemency:
1282 1075 1351 1105 you
1373 1065 1469 1095 allow

295 1120 344 1150 M.
365 1119 475 1150 Cicero
497 1124 528 1149 to
550 1119 669 1160 dcfi’nd
688 1119 827 1150 another
847 1124 883 1149 at
898 1130 990 1159 your
1009 1130 1084 1150 own
1108 1120 1170 1150 bar
1191 1125 1278 1161 upon
1304 1130 1325 1150 a
1353 1120 1469 1160 charge

295 1174 403 1204 under
425 1173 533 1204 which
558 1173 597 1204 lze
622 1173 762 1214 lzimseff
782 1174 810 1204 is
834 1174 939 1204 liablo.
995 1175 1080 1205 And
1093 1179 1151 1215 yet
1167 1185 1236 1215 yon
1250 1174 1392 1216 forgave
1419 1184 1467 1205 me

293 1229 364 1259 and
383 1228 440 1270 left
461 1239 510 1259 me
531 1228 569 1258 in
590 1229 765 1269 possession
787 1228 826 1269 eff
838 1229 888 1259 all
910 1240 964 1270 my
991 1229 1143 1260 honours.
1201 1231 1256 1270 (§§
1278 1230 1309 1268 8,
1335 1232 1369 1270 9)
1396 1229 1469 1261 But

299 1284 423 1314 Tubero
450 1294 518 1314 was
544 1283 581 1313 in
609 1294 700 1313 arms
721 1284 853 1323 against
870 1293 939 1322 you
966 1288 1015 1314 too
1028 1294 1038 1313 .·
1067 1284 1141 1314 and
1163 1294 1237 1315 now
1261 1288 1415 1315 ventures
1437 1289 1469 1315 lo

293 1349 401 1369 accuse
419 1338 582 1379 Ligarius
597 1338 636 1379 ‘ff
643 1338 696 1369 the
716 1348 804 1369 same
818 1338 953 1380 ᾤκεε]

169 1441 186 1470 6
261 1428 422 1465 Nullum
460 1429 573 1478 igitur
616 1428 744 1474 habes,
786 1427 938 1473 Caesar,
979 1428 1104 1466 adhuc
1143 1429 1181 1465 in
1220 1428 1271 1475 Q.
1310 1428 1465 1478 Ligario

205 1494 357 1543 signum
379 1494 524 1531 alienae
550 1506 576 1530 a
606 1501 642 1530 te
662 1494 868 1547 voluntatis
881 1506 889 1539 3
921 1494 1029 1531 euius
1058 1490 1131 1543 ego
1161 1506 1315 1531 causam
1344 1494 1466 1532 anim«

205 1559 368 1604 adverte,
403 1571 560 1608 quaeso,
594 1571 668 1609 qua
709 1558 781 1596 fide
820 1558 1034 1604 defendam,
1068 1559 1191 1609 prodo
1233 1571 1370 1606 meam.
1428 1559 1465 1598 O

205 1625 445 1662 clementiam
476 1624 737 1661 admirabilem
767 1631 881 1673 atque
911 1625 1086 1661 omnium
1114 1625 1235 1671 laude,
1266 1625 1464 1674 praedica-

206 1690 320 1735 tione,
359 1690 489 1726 litteris
526 1689 866 1738 monumentisque
905 1689 1188 1727 decorandam!
1257 1690 1358 1728 Cum
1407 1691 1462 1728 M.

205 1755 342 1801 Cicero
362 1754 465 1804 apud
485 1762 520 1792 te
541 1755 710 1791 defendit
740 1755 855 1804 alium
883 1755 921 1792 in
946 1767 991 1792 ea
1011 1755 1204 1793 voluntate
1231 1768 1311 1793 non
1336 1756 1462 1803 fuisse,

203 1821 242 1857 in
263 1833 339 1869 qua
363 1832 402 1857 se
427 1820 554 1868 ipsum
581 1820 783 1857 confitetur
808 1819 935 1865 fuisse,
957 1833 1029 1858 nec
1056 1828 1140 1858 tuas
1164 1821 1296 1859 tacitas
1323 1822 1463 1871 cogita-

203 1887 325 1923 tiones
346 1885 559 1922 extimescit
580 1897 663 1931 nec,
684 1885 776 1934 quid
798 1885 863 1922 tibi
884 1885 931 1922 de
952 1886 1027 1924 alio
1047 1886 1214 1924 audienti
1241 1887 1288 1924 de
1312 1899 1352 1924 se
1379 1888 1462 1937 ipso

201 1958 383 1996 occurrat,
402 1950 634 1987 reformidat.

257 2023 301 2061 3,
331 2015 442 2061 Vide,
463 2028 580 2065 quam
600 2027 679 2052 non
700 2015 955 2061 reformidem,
977 2016 1070 2063 vide,
1093 2024 1237 2066 quanta
1256 2018 1320 2055 lux
1348 2018 1460 2056 liber-

201 2081 335 2118 alitatis
356 2088 393 2118 et
413 2080 619 2130 sapientiae
647 2088 733 2117 tuae
760 2081 851 2118 mihi
878 2081 980 2131 apud
1007 2088 1042 2119 te
1073 2082 1211 2120 dicenti
1238 2083 1459 2129 oboriatur;

202 2153 388 2196 quantum
404 2153 551 2195 potero,
561 2158 655 2183 voce
671 2146 913 2192 contendam,
930 2154 971 2184 ut
986 2147 1060 2184 hoc
1075 2147 1240 2197 populus
1257 2148 1460 2186 Romanus

165 2225 181 2257 7
201 2202 400 2250 exaudiat:
436 2210 621 2261 Suscepto
650 2211 763 2258 bello,
795 2211 948 2258 Caesar,
978 2220 1088 2262 gesto
1119 2213 1235 2251 etiam
1270 2226 1316 2251 ex
1352 2222 1458 2263 parte
