1659 2499
343 108 436 141 PRO
469 109 506 149 Q.
539 108 743 141 LIGARIO
776 108 968 141 ORATIO.
1030 100 1077 155 §gs
1109 108 1264 152 20-25.
1381 110 1433 154 23

170 214 228 252 vel
247 214 376 264 potius
395 214 588 252 audaciae.
648 214 686 251 Si
708 214 947 264 responderit
969 213 1131 253 Tubero
1152 214 1334 258 Africam,
1355 225 1434 264 quo

171 287 327 316 senatus
347 291 436 316 eum
457 291 614 328 sorsque
634 279 800 324 miserat,
822 279 887 316 tibi
909 285 1057 328 patrem
1078 291 1189 316 suum
1209 278 1435 316 traditurum

173 344 297 390 fuisse,
318 356 397 382 non
417 344 602 382 dubitabo
629 343 732 393 apud
763 344 886 394 ipsum
917 351 964 389 te,
987 344 1096 381 cuius
1126 343 1164 380 id
1193 356 1282 380 eum
1311 343 1436 380 facere

173 409 352 455 interfuit,
381 409 616 459 gravissimis
645 410 768 448 verbis
799 410 878 447 eius
913 408 1114 447 consilium
1146 408 1436 458 reprehendere.

174 473 264 512 Non
285 475 399 519 enim,
422 475 452 512 si
475 475 540 512 tibi
561 487 607 512 ea
627 487 686 512 res
706 482 814 524 grata
833 474 976 522 fuisset,
1000 481 1102 511 esset
1127 474 1244 511 etiam
1264 475 1437 523 probata.

176 539 252 578 Sed
285 541 362 577 iam
394 540 469 578 hoc
502 547 625 577 totum
654 540 800 586 omitto,
832 552 912 578 non
941 547 1019 577 tam
1050 552 1098 578 ne
1127 539 1324 577 offendam
1354 547 1438 576 tuas

174 605 469 655 patientissimas
503 617 624 651 aures,
656 617 775 655 quam
809 617 858 642 ne
887 605 1059 650 Tubero,
1091 604 1196 655 quod
1226 617 1438 654 numquam

175 671 367 719 cogitavit,
402 670 568 708 facturus
607 670 722 708 fuisse
754 671 934 709 videatur.
995 670 1217 708 Veniebatis
1248 671 1362 720 igitur
1400 671 1439 707 in

174 736 358 782 Africam,
397 736 634 786 provinciam
680 748 798 773 unam
837 749 885 774 ex
924 736 1105 774 omnibus
1142 736 1230 774 huic
1263 736 1440 773 victoriae

174 802 342 839 maxime
373 801 562 847 infestam,
585 803 622 838 in
643 814 718 852 qua
746 808 825 839 erat
853 814 919 839 rex
948 801 1236 851 potentissimus
1262 802 1441 839 inimicus

175 867 262 905 huic
284 880 433 913 causae,
459 868 584 905 aliena
603 867 780 905 voluntas
800 874 1015 905 conventus
1036 867 1133 904 firmi
1154 874 1270 916 atque
1297 867 1440 916 magni.

177 932 359 979 Quaero:
409 932 514 979 Quid
544 933 677 970 facturi
705 932 854 970 fuistis?
901 945 1151 982 quamquam,
1183 933 1274 982 quid
1308 931 1443 970 facturi

177 998 332 1046 fueritis,
349 999 531 1044 dubitem,
545 1010 633 1036 cum
649 998 809 1043 videam,
826 998 919 1048 quid
939 998 1129 1035 feceritis?
1155 998 1338 1036 Prohibiti
1354 998 1443 1035 estis

177 1066 215 1102 in
235 1064 433 1113 provincia
448 1071 570 1113 vestra
590 1063 729 1113 pedem
750 1075 907 1113 ponere,
922 1070 959 1100 et
979 1063 1160 1113 prohibiti
1181 1075 1332 1101 summa
1353 1075 1442 1101 cum

179 1130 324 1167 iniuria.
358 1128 450 1175 Quo
470 1130 590 1167 modo
609 1129 646 1166 id
667 1129 830 1166 tulistis?
859 1136 1040 1177 acceptae
1063 1128 1218 1166 iniuriae
1235 1128 1444 1178 querellam
1464 1145 1470 1152 ·
1488 1137 1502 1145 ⁷

179 1195 228 1233 ad
254 1207 370 1245 quem
397 1195 607 1232 detulistis?
665 1193 818 1243 Nempe
847 1194 896 1231 ad
924 1206 1025 1239 eum,
1046 1195 1153 1232 cuius
1181 1195 1445 1232 auctoritatem

180 1260 298 1298 secuti
337 1261 374 1297 in
414 1260 635 1298 societatem
675 1259 764 1297 belli
803 1259 1001 1296 veneratis.
1072 1258 1223 1306 Quodsi
1267 1259 1446 1297 Caesaris

181 1338 297 1364 causa
326 1326 364 1362 in
394 1326 632 1375 provinciam
662 1325 883 1363 veniebatis.
905 1324 954 1362 ad
983 1337 1073 1362 eum
1101 1324 1273 1374 profecto
1303 1324 1448 1362 exclusi

180 1391 374 1441 provincia
388 1391 594 1428 venissetis.
625 1390 794 1428 Venistis
811 1391 859 1427 ad
880 1390 1119 1440 Pompeium.
1151 1390 1263 1437 Quae
1281 1398 1339 1428 est
1354 1400 1447 1439 ergo

181 1457 286 1507 apud
307 1456 512 1494 Caesarem
535 1457 713 1506 querella,
735 1469 824 1494 cum
844 1469 933 1493 eum
953 1457 1152 1503 accusetis,
1171 1469 1193 1493 a
1213 1467 1291 1506 quo
1312 1466 1447 1505 quera-

181 1523 274 1559 mini
294 1522 510 1571 prohibitos
538 1534 622 1559 esse
642 1534 710 1559 vos
735 1530 868 1560 contra
889 1521 1094 1559 Caesarem
1117 1534 1249 1571 gerere
1277 1521 1447 1558 bellurn?

182 1590 311 1638 Atque
341 1588 380 1624 in
407 1587 480 1625 hoc
505 1587 662 1638 quidem
683 1587 741 1625 vel
768 1599 855 1624 curn
882 1587 1097 1632 mendacio,
1119 1587 1150 1624 si
1170 1586 1290 1633 vultis,
1312 1586 1448 1636 glorie-

183 1654 276 1691 mini
296 1666 364 1703 per
383 1666 446 1690 me
466 1653 564 1699 licet,
581 1665 649 1691 vos
669 1653 906 1703 provinciam
927 1652 1041 1690 fuisse
1059 1652 1215 1690 Caesari
1236 1651 1448 1689 tradituros.

184 1719 344 1757 Etiamsi
373 1731 396 1756 a
415 1718 522 1756 Varo
543 1726 580 1756 et
609 1731 631 1756 a
661 1718 892 1769 quibusdam
921 1718 1003 1756 aliis
1034 1718 1212 1767 prohibiti
1242 1717 1344 1764 estis,
1375 1728 1449 1766 ego

183 1792 314 1822 tamen
335 1784 549 1822 confitebor
569 1784 724 1834 culpam
746 1796 830 1822 esse
852 1783 992 1833 Ligari,
1005 1783 1070 1834 qui
1090 1795 1158 1821 vos
1177 1789 1304 1820 tantae
1327 1782 1449 1819 laudis

188 1850 392 1888 occasione
411 1850 618 1899 privaverit.

186 1976 224 2007 C.
252 1976 306 2014 (ξς
326 1975 458 2015 26-28).
507 1975 580 2006 But
594 1975 742 2006 consider
758 1974 812 2006 the
831 1974 1133 2014 stolidpersz'stence
1153 1973 1194 2015 os
1207 1973 1355 2005 Tubero!
1399 1974 1453 2004 He

274 2030 344 2061 had
355 2030 516 2071 appeared
529 2030 566 2060 in
582 2029 636 2060 his
645 2029 803 2070 province
824 2029 906 2059 wille
924 2029 977 2069 tlte
992 2029 1187 2060 credentz'als
1207 2027 1247 2070 of
1255 2028 1308 2060 tlte
1324 2028 1454 2066 Senate,

274 2085 347 2116 and
359 2084 428 2115 had
439 2085 513 2115 been
530 2084 648 2115 driven
654 2083 749 2125 from
773 2084 802 2114 it
817 2084 899 2114 wille
917 2084 1100 2123 contumely
1115 2083 1154 2123 by
1177 2084 1297 2114 Varus.
1340 2083 1355 2113 Σ
1365 2085 1395 2113 ἐί
1416 2083 1455 2113 lle

271 2149 343 2180 goes
365 2139 442 2170 back
463 2144 493 2170 to
515 2139 569 2169 tlte
584 2144 688 2180 party
712 2138 815 2169 whose
836 2138 975 2179 general
998 2137 1067 2168 had
1089 2137 1166 2168 thus
1195 2137 1343 2168 insultezl
1362 2137 1454 2168 lzz'm:

275 2191 347 2222 and
358 2191 431 2222 tlzat
449 2196 497 2222 too
514 2201 550 2221 as
564 2201 585 2221 a
606 2191 801 2231 belligerent,
822 2194 858 2221 at
867 2194 1001 2231 greater
1010 2189 1171 2231 personal
1183 2189 1253 2220 risk
1268 2189 1350 2220 llzan
1376 2193 1456 2220 most

277 2247 317 2288 eff
324 2247 377 2278 tlte
392 2247 598 2288 Pompeiam.
