1659 2499
338 100 432 132 PRO
466 101 506 141 Q.
540 101 741 133 LIGARIO
774 101 967 134 ORATIO.
1032 92 1081 147 ξς
1119 92 1268 134 16-20.
1383 105 1430 135 21

172 214 207 244 te
244 207 515 244 contumeliam
564 207 813 256 propulsare?
882 206 987 254 Quid
1026 207 1102 257 egit
1144 215 1230 244 tuus
1270 206 1433 244 invictus

173 275 368 320 exercitus,
389 275 459 312 nisi
486 282 526 312 ut
557 287 666 312 suum
697 275 754 312 ius
783 281 950 313 tueretur
977 281 1014 313 et
1043 276 1268 324 dignitatem
1299 277 1435 313 tuam?

174 339 310 386 Quid?
341 347 381 377 tu
405 352 494 378 cum
515 352 648 390 pacem
679 353 762 378 esse
793 341 987 390 cupiebas,
1009 340 1097 378 idne
1128 342 1282 390 agebas,
1303 348 1343 378 ut
1372 341 1436 378 tibi

175 417 263 442 cum
285 405 476 443 sceleratis
496 418 544 442 an
565 411 606 443 ut
630 418 718 443 cum
738 406 851 443 bonis
872 407 1016 444 civibus
1040 407 1259 444 conveniret
1277 406 1290 443 ?
1339 404 1435 442 Mihi

174 483 275 517 vero,
305 470 457 516 Caesar,
480 479 541 509 tua
571 472 609 508 in
638 484 699 509 me
728 472 900 509 maxima
929 472 1063 509 merita
1093 478 1197 509 tanta
1226 478 1327 509 certe
1357 484 1438 509 non

176 536 403 582 viderentur,
425 538 454 573 si
476 549 537 575 me
558 544 595 574 ut
617 537 841 574 sceleratum
862 549 884 574 a
905 544 939 575 te
964 544 1233 575 conservatum
1254 543 1439 587 putarem.

176 601 268 648 Quo
288 602 407 639 modo
428 609 554 639 autem
577 610 615 639 tu
637 602 683 640 de
706 615 745 640 re
766 602 920 652 publica
934 603 1032 640 bene
1046 603 1204 640 meritus
1220 614 1334 646 esses,
1351 614 1439 640 cum

177 675 231 705 tot
261 667 467 705 sceleratos
495 667 678 705 incolumi
706 667 887 717 dignitate
917 680 1000 705 esse
1030 668 1245 705 voluisses?
1305 667 1439 705 Seces—

177 734 323 771 sionem
353 741 392 770 tu
421 733 523 770 illam
554 734 823 779 existimavisti,
850 733 1005 780 Caesar,
1034 734 1152 780 initio,
1177 746 1255 772 non
1286 733 1440 778 bellum,

178 811 302 848 neque
323 798 459 837 hostile
479 799 622 845 odium,
645 799 713 837 sed
734 799 840 837 civile
861 799 1074 845 discidium,
1093 799 1263 849 utrisque
1285 799 1440 848 cupien-

179 865 276 902 tibus
306 877 386 902 rem
417 865 611 914 publicam
643 865 797 911 salvam,
829 866 896 903 sed
926 866 1063 916 partim
1093 865 1270 911 consiliis,
1301 865 1440 914 partim

178 930 310 967 studiis
348 943 370 967 a
416 931 613 968 communi
661 931 816 968 utilitate
864 931 1140 968 aberrantibus.
1216 930 1441 979 Principum

179 996 345 1044 dignitas
365 1003 445 1033 erat
465 1008 588 1045 paene
607 1009 686 1046 par,
704 1008 783 1034 non
799 1009 867 1046 par
887 996 1046 1034 fortasse
1063 1007 1206 1042 eorum,
1223 996 1286 1046 qui
1307 1007 1441 1044 seque-

180 1062 342 1107 bantur;
383 1073 501 1099 causa
530 1069 610 1099 tum
640 1062 766 1106 dubia,
798 1062 903 1111 quod
932 1068 1012 1099 erat
1041 1060 1184 1111 aliquid
1214 1061 1252 1097 in
1282 1068 1441 1110 utraque

180 1134 297 1175 parte,
318 1127 423 1176 quod
444 1127 595 1176 probari
625 1134 753 1177 posset
769 1140 777 1174 3
810 1139 912 1165 nunc
933 1127 1067 1164 melior
1085 1139 1131 1164 ea
1151 1126 1355 1163 iudicanda
1376 1132 1442 1170 est,

180 1203 298 1241 quam
328 1192 441 1229 etiam
471 1193 509 1230 di
538 1193 775 1230 adiuverunt.
833 1193 1001 1242 Cognita
1031 1204 1120 1229 vero
1150 1192 1351 1229 clementia
1379 1198 1444 1228 tua

182 1257 266 1306 quis
288 1270 367 1295 non
389 1269 473 1294 eam
496 1259 689 1296 victoriam
711 1259 859 1308 probet,
878 1259 915 1294 in
937 1270 1013 1307 qua
1033 1257 1215 1295 occiderit
1234 1269 1351 1294 nemo
1372 1256 1445 1293 nisi

181 1330 349 1360 armatus
365 1324 378 1360 ?

183 1450 246 1479 111.
290 1451 341 1487 x§;§
370 1449 501 1489 20-28>.
555 1450 622 1480 lec
646 1453 703 1480 ‘lu
728 1449 870 1491 quoque'
895 1452 1074 1489 argument
1100 1447 1140 1489 (ff
1162 1451 1177 1485 ξ
1203 1457 1223 1489 9
1247 1457 1333 1478 more
1348 1446 1446 1488 fully

269 1504 401 1535 worked
411 1508 476 1535 out.
512 1505 554 1536 A.
575 1505 628 1545 (ἐξ
650 1505 770 1544 20-22)
804 1504 928 1535 Tubero
944 1503 1084 1545 himself
1093 1504 1122 1534 is
1138 1513 1224 1534 more
1235 1502 1348 1543 guilty
1364 1502 1446 1532 than

270 1558 442 1600 Ligarius.
484 1559 583 1590 What
598 1559 680 1590 need
692 1570 760 1590 was
780 1559 870 1590 there
874 1558 938 1600 for
954 1558 1024 1589 lzz'm
1045 1562 1076 1590 to
1091 1568 1134 1598 go
1156 1562 1186 1588 to
1202 1556 1323 1598 Africa
1334 1556 1350 1588 :⁹
1393 1557 1448 1589 He

269 1614 384 1654 obeyed
396 1624 416 1644 a
425 1613 598 1654 powerless
614 1615 741 1651 senate,
759 1614 923 1655 ngarius
938 1624 959 1644 a
963 1612 1042 1654 free
1058 1613 1185 1644 Senate.
1233 1614 1240 1628 ‘
1253 1612 1279 1643 J
1289 1611 1394 1649 know,
1412 1621 1448 1641 as

269 1680 289 1700 a
300 1667 428 1710 friend
449 1669 490 1709 of
505 1669 558 1699 tlte
581 1669 669 1700 elder
698 1668 834 1707 Tubero,
860 1668 934 1699 tlzat
959 1668 998 1699 lze
1023 1668 1129 1708 might
1154 1667 1236 1698 have
1246 1666 1388 1708 pleaded
1408 1665 1451 1696 ill

270 1723 379 1754 lzealtlz
395 1724 431 1754 z'n
449 1734 572 1762 excuse,
582 1723 654 1754 and
665 1723 736 1754 had
748 1723 865 1754 indeed
878 1727 990 1754 meant
1005 1727 1035 1753 to
1051 1723 1090 1753 do
1105 1733 1146 1754 so.
1194 1721 1233 1752 B.
1251 1724 1305 1762 (ἐξ
1327 1722 1446 1760 22-25)

277 1778 403 1809 Tubero
426 1779 605 1819 complains
627 1778 668 1819 of
683 1782 739 1808 not
762 1777 892 1818 having
911 1777 985 1808 been
1007 1776 1171 1808 admitted
1185 1775 1238 1816 (by
1261 1776 1370 1807 Varus
1394 1779 1449 1806 not

271 1832 446 1873 ngrarius]
464 1833 533 1863 into
549 1833 602 1863 the
612 1833 769 1874 province
780 1843 794 1870 ;
816 1832 874 1863 but
889 1832 958 1862 had
967 1832 1006 1862 he
1019 1831 1094 1862 been
1106 1831 1275 1869 admitted,
1291 1829 1404 1861 would
1412 1829 1450 1860 lze

271 1887 353 1918 have
376 1887 510 1918 handed
528 1887 557 1918 it
578 1898 654 1918 over
675 1892 706 1918 to
733 1886 879 1919 Caesar?
901 1886 979 1917 such
996 1897 1016 1917 a
1032 1886 1230 1927 proceeding
1242 1885 1355 1916 zoould
1367 1884 1449 1915 have

270 1942 344 1973 been
370 1941 607 1983 unjustz'fiable.
653 1942 738 1973 And
762 1942 799 1972 in
811 1940 888 1982 fact
910 1941 938 1972 it
958 1951 1027 1971 was
1050 1940 1153 1981 before
1180 1939 1355 1981 Pompeius
1377 1939 1451 1969 that

271 1996 323 2027 tlte
345 1997 527 2027 Tuberones
543 1996 656 2037 lodged
667 1996 756 2027 their
758 1995 845 2037 first
857 1994 1056 2036 complainl.'

1459 410 1496 438 1ἱὶ

242 2103 284 2140 7.
316 2103 391 2141 Sed
420 2110 460 2141 ut
490 2103 662 2141 omittam
692 2114 940 2140 communem
970 2113 1141 2147 causam,
1171 2100 1369 2137 veniamus
1401 2098 1448 2136 ad
1467 2107 1509 2137 20

186 2177 368 2207 nostram.
456 2168 595 2205 Utrum
648 2168 805 2206 tandem
866 2167 1062 2205 existimas
1119 2165 1264 2203 facilius
1320 2164 1448 2209 fuisse,

187 2234 357 2280 Tubero,
391 2233 586 2283 Ligarium
628 2246 675 2271 ex
707 2233 836 2271 Africa
874 2232 977 2270 exire
1016 2244 1064 2269 an
1103 2243 1171 2269 vos
1209 2231 1247 2268 in
1279 2229 1450 2267 Africam
