1659 2499
264 99 358 132 PRO
389 99 527 130 REGE
556 99 815 131 DEIOTARO
849 99 1043 132 ORATIO.
1105 91 1153 146 ξξ
1189 88 1339 132 12—16.
1382 97 1437 144 35

258 201 466 245 physician’s
480 207 579 245 story.
627 204 650 234 l
664 205 814 245 expected
832 209 863 235 to
883 204 965 236 hear
978 204 1076 235 about
1087 205 1202 245 poison
1214 214 1224 234 .·
1256 204 1288 243 (ξ
1310 204 1364 244 18)
1382 203 1439 234 but

265 264 323 290 not
345 269 365 288 α
388 258 482 289 word
500 258 541 300 of
554 258 626 289 [leat
642 269 652 290 .·
685 259 840 299 although
866 260 893 290 it
916 259 1028 290 would
1047 259 1129 290 have
1152 258 1226 289 been
1248 259 1337 300 quite
1358 258 1396 289 in
1418 269 1438 288 a

260 311 464 354 physician's
495 313 572 344 linc.
621 314 654 353 (5
690 314 742 354 19)
776 314 811 344 lt
841 314 870 345 is
887 313 1026 354 prettily
1048 314 1222 344 concez'vcd.
1271 316 1279 329 ‘
1293 311 1440 344 Caesar-‘s

254 367 399 409 fortune
422 368 521 399 saved
541 369 611 399 him
635 367 732 400 then)
779 368 879 410 After
899 369 1032 404 dinncr,
1046 369 1204 410 forsooth,
1227 368 1280 400 tlte
1304 374 1440 410 attempt

264 422 360 454 could
373 427 428 454 not
440 423 473 454 be
491 423 644 464 repeated.
693 423 747 463 (ἐξ
768 433 818 462 20,
835 423 888 463 21)
909 427 917 441 ‘
936 424 1001 454 Yon
1014 424 1090 454 will
1103 423 1289 463 rcmcmber,
1306 424 1437 460 Caesar,

265 477 338 508 that
365 477 454 508 there
483 488 552 508 was
580 488 620 509 no
645 478 719 519 sign
745 478 785 520 of
801 479 904 510 bustle
930 489 968 509 or
990 477 1244 520 discomposure.'
1291 478 1441 510 Furtlzer

264 532 495 574 explanations
521 532 641 575 ffrcd
664 533 702 574 by
728 533 782 564 tlte
804 544 935 564 accuser
947 533 1012 574 for
1038 532 1091 564 the
1114 533 1307 564 brcaledown
1331 532 1371 574 os
1386 532 1439 563 llic

258 587 338 628 plot.

234 659 275 718 Is
302 660 413 710 igitur
443 672 522 698 non
552 661 670 699 modo
699 673 721 698 a
751 668 786 698 te
815 661 985 711 periculo
1016 661 1205 705 liberatus,
1229 660 1294 698 sed
1322 660 1435 697 etiam
1457 669 1496 700 15

178 725 326 762 honore
355 725 594 774 amplissimo
622 734 776 764 ornatus
805 726 975 776 arguitur
1004 726 1108 764 domi
1137 732 1173 764 te
1205 737 1295 762 suae
1324 725 1437 762 inter-

179 789 292 828 ficere
312 790 476 828 voluisse
492 803 501 836 ;
532 790 638 840 quod
667 798 716 837 tu,
740 791 810 828 nisi
840 803 929 829 eum
960 790 1252 829 furiosissimum
1283 790 1437 834 iudices,

178 856 362 905 suspicari
393 855 564 905 profecto
603 869 681 894 non
715 863 837 906 potes.
894 855 947 894 Ut
980 857 1083 893 enim
1113 857 1299 901 omittam,
1331 855 1439 892 cuius

178 922 272 958 tanti
288 920 442 958 sceleris
462 920 570 959 fuerit
591 922 629 958 in
651 929 864 971 conspectu
891 922 1051 959 deorum
1072 921 1269 971 penatium
1299 932 1439 958 necare

179 986 383 1036 hospitem,
414 987 523 1025 cuius
565 994 692 1026 tantae
730 988 1029 1038 importunitatis
1063 987 1237 1025 omnium
1267 987 1439 1036 gentium

179 1060 295 1102 atque
329 1054 455 1091 omnis
493 1054 704 1092 memoriae
744 1055 997 1092 clarissimum
1032 1054 1162 1091 lumen
1200 1054 1438 1102 extinguere,

179 1119 288 1156 cuius
315 1125 441 1157 tantae
470 1118 675 1158 ferocitatis
701 1120 884 1158 victorem
913 1120 1018 1157 orbis
1048 1127 1233 1156 terrarum
1262 1131 1341 1157 non
1371 1130 1437 1156 ex-

179 1185 388 1231 timescere,
417 1185 524 1222 cuius
562 1191 641 1222 tarn
673 1185 874 1222 inhumani
909 1192 946 1222 et
978 1185 1114 1235 ingrati
1149 1184 1278 1229 animi,
1309 1196 1331 1221 a
1360 1195 1438 1232 quo

179 1263 245 1288 rex
285 1250 497 1300 appellatus
530 1257 640 1295 esset,
672 1251 710 1287 in
742 1263 789 1288 eo
824 1258 1029 1299 tyrannum
1059 1250 1244 1287 inveniri:
1274 1256 1314 1286 ut
1343 1248 1437 1286 haec

178 1316 365 1362 omittam,
398 1316 505 1353 cuius
537 1316 630 1353 tanti
671 1316 805 1354 furoris
844 1315 911 1354 fuit
950 1328 1086 1354 omnes
1119 1327 1240 1365 reges,
1273 1327 1438 1365 quorum

179 1382 286 1419 multi
306 1389 413 1419 erant
438 1382 594 1427 finitimi,
615 1394 752 1420 omnes
777 1382 918 1420 liberos
944 1382 1122 1432 populos,
1143 1393 1280 1419 omnes
1300 1382 1437 1425 socios,

178 1459 315 1485 omnes
335 1448 560 1497 provincias,
582 1447 711 1485 omnia
732 1447 898 1497 denique
919 1448 1093 1485 omnium
1115 1459 1222 1484 arma
1242 1453 1377 1484 contra
1397 1459 1437 1484 se

177 1525 299 1550 unum
328 1513 522 1550 excitare?
579 1512 765 1560 Quonam
802 1513 863 1551 ille
901 1513 1021 1551 modo
1061 1525 1149 1550 cum
1184 1524 1315 1562 regno,
1349 1524 1437 1550 cum

178 1579 310 1624 domo,
340 1591 429 1616 cum
459 1579 636 1628 coniuge,
656 1591 745 1616 cum
772 1580 971 1618 carissimo
1000 1579 1077 1618 filio
1106 1579 1308 1617 distractus
1338 1586 1437 1616 esset

177 1652 286 1683 tanto
307 1645 446 1683 scelere
466 1656 546 1682 non
568 1644 687 1682 modo
708 1645 887 1694 perfecto,
908 1645 976 1683 sed
1000 1645 1114 1682 etiam
1135 1645 1328 1694 cogitato?

234 1713 278 1749 6.
307 1711 370 1756 At,
391 1710 520 1757 credo,
542 1710 638 1748 haec
658 1710 777 1748 homo
796 1711 1034 1748 inconsultus
1059 1718 1097 1748 et
1115 1711 1338 1748 temerarius
1357 1722 1436 1748 non

178 1776 342 1814 videbat.
399 1775 498 1823 Quis
527 1776 806 1814 consideratior
835 1776 910 1822 illo,
941 1777 1026 1826 quis
1059 1777 1205 1822 tectior,
1236 1776 1322 1826 quis
1350 1788 1437 1825 pru-

178 1841 356 1880 dentior?
385 1854 621 1892 quamquam
642 1841 716 1879 hoc
737 1841 826 1879 loco
840 1841 1066 1879 Deiotarum
1086 1854 1167 1879 non
1187 1849 1265 1879 tam
1281 1841 1438 1890 ingenio

179 1913 215 1945 et
243 1907 446 1956 prudentia
474 1919 592 1958 quam
621 1907 695 1945 fide
729 1914 767 1944 et
801 1907 987 1956 religione
1023 1908 1120 1944 vitae
1151 1906 1437 1945 defendendum

180 1980 287 2024 puto.
344 1973 449 2011 Nota
487 1973 554 2011 tibi
592 1979 650 2010 est
682 1972 849 2010 hominis
880 1974 1065 2022 probitas,
1096 1973 1139 2012 C.
1171 1972 1324 2018 Caesar,
1355 1972 1436 2010 noti

179 2051 319 2085 mores,
357 2045 450 2076 nota
488 2038 716 2094 constantia.
774 2037 846 2076 Cui
885 2050 1012 2088 porro,
1044 2039 1109 2087 qui
1148 2038 1268 2076 modo
1305 2037 1437 2088 populi

180 2104 349 2142 Romani
369 2116 512 2142 nomen
531 2104 683 2152 audivit,
704 2103 875 2142 Deiotari
894 2105 1102 2154 integritas,
1118 2104 1295 2153 gravitas,
1308 2104 1436 2147 virtus,

179 2170 274 2208 fides
303 2182 383 2208 non
411 2177 467 2207 est
492 2169 646 2208 audita?
702 2168 820 2216 Quod
849 2170 963 2219 igitur
982 2169 1132 2207 facinus
1162 2170 1292 2207 necin
1312 2169 1436 2206 homi-

178 2247 267 2273 nem
287 2235 555 2285 inprudentem
576 2235 728 2273 caderet
748 2241 903 2285 propter
922 2242 1067 2272 metum
1095 2234 1306 2284 praesentis
1333 2234 1436 2272 exitii

774 2313 799 2338 1)
822 2312 840 2336 2

1469 1721 1507 1751 16
