1659 2499
447 517 514 566 M.
553 518 774 565 TULLI
823 517 1222 566 CICERONIS

301 615 460 704 PRO
517 652 582 722 Q.
636 653 978 706 LIGARIO
1035 653 1360 706 ORATIO.

727 834 934 850 *φφ-

198 964 404 993 Exordium
420 963 474 1003 (ἐξ
491 963 577 1001 1-23.
627 963 664 1002 Q.
689 963 812 994 Tubero
828 963 886 994 has
901 964 1038 994 accused
1054 964 1093 1003 Q.
1109 963 1272 1004 Ligarius
1287 963 1328 1004 of
1336 963 1465 1003 having

285 1017 359 1048 been
388 1018 424 1048 in
450 1017 570 1058 Africa
581 1028 592 1047 .·
631 1018 665 1049 C.
696 1019 807 1049 Pansa
833 1018 892 1049 llas
918 1019 1080 1050 admitled
1104 1019 1140 1049 it.
1194 1019 1226 1049 T
1222 1019 1260 1049 lte
1285 1018 1464 1060 defendant

275 1072 390 1113 pleads
401 1072 523 1113 guilty,
541 1072 612 1103 and
625 1074 649 1103 l
661 1073 742 1104 have
758 1077 788 1104 to
805 1074 928 1114 appcal,
951 1074 1081 1112 Caesar,
1101 1079 1132 1105 to
1140 1084 1232 1114 your
1247 1074 1413 1113 clemency.

161 1188 177 1216 1
253 1184 297 1223 1,
327 1179 482 1217 Novum
506 1180 661 1226 crimen,
687 1179 730 1217 C.
759 1179 912 1225 Caesar,
933 1188 969 1218 et
999 1188 1088 1218 ante
1118 1181 1219 1218 h'unc
1249 1179 1349 1218 diem
1378 1191 1457 1218 non

197 1245 367 1282 auditum
397 1246 635 1295 propinquus
665 1257 774 1282 meus
803 1246 851 1283 ad
882 1253 928 1292 te,
961 1246 1011 1292 Q.
1034 1246 1207 1292 Tubero,
1239 1246 1381 1291 detulit,
1406 1245 1479 1292 Q..

198 1310 394 1360 Ligarium
423 1311 462 1347 in
490 1310 620 1349 Africa
649 1311 775 1357 fuisse,
802 1312 916 1361 idque
946 1312 990 1349 C.
1012 1311 1147 1357 Pansa,
1168 1312 1375 1361 praestanti
1404 1312 1459 1348 vir

197 1376 365 1425 ingenio,
388 1375 503 1413 fretus
527 1376 684 1414 fortasse
710 1377 959 1415 familiaritate
987 1390 1042 1423 ea,
1066 1390 1163 1427 quae
1183 1385 1239 1414 est
1260 1377 1293 1414 ei
1315 1384 1454 1422 tecum,

197 1453 312 1479 ausus
350 1449 406 1479 est
445 1442 626 1479 confiteri.
701 1442 846 1492 Itaque,
886 1455 964 1492 quo
1011 1455 1073 1480 me
1118 1450 1275 1487 vertam,
1314 1442 1455 1480 nescio.

197 1507 355 1544 Paratus
389 1507 492 1545 enirn
526 1519 718 1553 veneram,
748 1520 836 1545 curn
868 1515 908 1545 tu
942 1508 979 1545 id
1013 1520 1138 1558 neque
1169 1520 1237 1557 per
1271 1514 1307 1545 te
1339 1507 1455 1545 scires

197 1584 321 1622 neque
359 1572 487 1610 audire
526 1572 679 1610 aliunde
719 1574 917 1622 potuisses,
953 1581 994 1610 ut
1027 1574 1266 1622 ignoratione
1305 1579 1369 1610 tua
1406 1573 1455 1610 ad

197 1638 363 1676 hominis
382 1639 511 1675 miseri
532 1639 690 1676 salutem
711 1640 898 1677 abuterer.
957 1639 1032 1676 Sed
1053 1640 1237 1689 quoniam
1258 1638 1455 1688 diligentia

195 1703 338 1741 inimici
359 1703 627 1752 investigatum
647 1710 714 1750 est,
735 1704 840 1754 quod
870 1704 1019 1750 latebat,
1043 1703 1303 1742 confitendum
1324 1711 1392 1749 est,
1413 1710 1454 1741 ut

195 1768 342 1817 opinor,
365 1770 587 1818 praesertim
609 1781 697 1806 cum
717 1781 827 1807 meus
847 1770 1084 1807 necessarius
1105 1769 1229 1806 Pansa
1248 1769 1389 1815 fecerit,
1412 1777 1453 1806 ut

195 1832 234 1869 id
252 1833 441 1882 integTum
462 1833 537 1870 iam
562 1845 642 1870 non
670 1841 780 1878 esset,
801 1835 1019 1884 omissaque
1045 1835 1302 1873 controversia
1326 1834 1453 1872 omnis

195 1898 315 1935 oratio
335 1897 384 1934 ad
403 1898 705 1935 misericordiam
725 1906 830 1936 tuam
852 1899 1085 1937 conferenda
1105 1907 1173 1944 est,
1194 1912 1271 1949 qua
1300 1900 1452 1949 plurimi

194 1969 281 1999 sunt
309 1963 534 2009 conservati,
565 1976 653 2001 curn
684 1976 706 2001 a
737 1971 771 2001 te
801 1976 880 2002 non
909 1965 1172 2002 liberationem
1206 1965 1354 2014 culpae,
1383 1965 1451 2003 sed

157 2038 174 2068 2
194 2028 304 2065 errati
323 2028 476 2065 veniam
495 2028 812 2077 impetravissent.
856 2028 992 2067 Habes
1011 2030 1136 2078 igitur,
1159 2029 1330 2075 Tubero,
1347 2030 1452 2080 quod

192 2099 248 2130 est
277 2093 489 2131 accusatori
518 2094 684 2131 maxime
713 2094 939 2143 optandum,
966 2095 1214 2132 confitentem
1243 2107 1361 2141 reum,
1383 2095 1451 2133 sed

191 2165 319 2195 tamen
349 2158 422 2195 hoc
448 2158 705 2204 confitentem,
728 2171 767 2196 se
788 2159 825 2196 in
852 2172 896 2196 ea
923 2166 1030 2209 parte
1058 2160 1174 2198 fuisse
1203 2172 1278 2209 qua
1306 2167 1354 2206 te,
1375 2173 1451 2209 qua

190 2223 310 2260 virum
342 2224 448 2261 omni
481 2223 593 2261 laude
624 2223 795 2272 dignum,
825 2233 974 2274 patrem
1007 2230 1124 2263 tuum.
1184 2225 1319 2275 Itaque
1347 2226 1451 2275 prius
