1659 2499
283 102 377 134 PRO
409 102 461 134 M.
493 101 762 134 MARCELLO
795 102 988 135 ORATIO.
1049 93 1095 147 ξξ
1129 102 1281 148 25-31.
1362 107 1404 134 ιι

149 215 369 257 stupescent
410 208 562 257 posteri,
590 215 690 246 certe
739 208 910 257 imperia,
953 208 1176 257 provincias,
1217 207 1410 253 Rhenum,

151 271 364 318 Oceanum,
404 271 548 318 Nilum,
606 284 756 322 pugnas
807 272 1117 318 innumerabiles,
1171 272 1412 310 incredibiles

147 336 332 382 victorias,
371 337 622 383 monimenta,
662 327 833 383 munera,
873 337 1088 386 triumphos
1130 337 1328 374 audientes
1374 343 1411 375 et

149 401 319 451 legentes
339 409 436 440 tuos.
496 402 571 440 Sed
601 403 671 440 nisi
700 402 796 440 haec
825 403 916 439 urbs
945 403 1111 440 stabilita
1140 403 1212 439 tuis
1242 403 1412 456 consiliis
1430 408 1469 438 29

148 473 184 504 et
205 467 380 505 institutis
400 469 480 514 erit,
503 469 704 517 vagabitur
724 468 842 506 modo
863 475 972 506 tuum
997 480 1138 505 nornen
1161 468 1275 517 longe
1296 474 1410 518 atque

146 532 231 579 late,
264 533 395 571 sedem
425 534 598 571 stabilem
628 541 664 571 et
695 533 930 571 domicilium
961 540 1105 571 certum
1136 545 1214 571 non
1244 532 1410 570 habebit.

147 598 229 636 Erit
258 598 354 636 inter
383 611 450 637 eos
480 600 606 645 etiam,
639 599 704 649 qui
734 606 950 644 nascentur,
971 599 1068 636 sicut
1098 599 1196 636 inter
1226 610 1300 636 nos
1329 598 1409 644 fuit,

146 675 289 713 magna
318 664 519 711 dissensio,
551 677 640 702 eum
671 664 732 702 alii
765 665 941 702 laudibus
972 664 1021 702 ad
1054 665 1203 702 caelum
1234 676 1294 702 res
1326 671 1411 702 tuas

145 737 276 779 gestas
304 730 472 776 efferent,
503 731 563 768 alii
593 731 754 769 sortasse
790 731 932 781 aliquid
967 732 1172 781 requirent,
1203 731 1318 780 idque
1352 731 1408 768 vel

145 796 370 843 maximum,
402 797 474 834 nisi
507 797 594 835 belli
625 797 742 835 civilis
772 797 993 834 incendium
1025 797 1144 834 salute
1177 797 1322 846 patriae
1351 809 1408 833 re-

145 861 335 908 stinxeris‚
356 869 397 899 ut
425 862 517 900 illud
548 862 613 900 fati
642 862 756 900 fuisse
783 862 964 908 videatur,
987 862 1059 900 hoc
1088 862 1244 900 consilii.
1305 861 1407 900 Servi

144 926 257 975 igitur
286 926 331 964 iis
360 927 475 964 etiam
504 928 707 975 iudicibus,
737 929 801 978 qui
830 928 965 994 inultis
981 934 1072 991 post
1102 927 1262 983 saeculis
1295 927 1342 973 de
1372 934 1408 965 te

143 991 377 1038 iudicabunt,
408 1000 444 1031 et
473 994 630 1043 quidem
659 993 761 1030 haud
796 992 876 1031 scio
894 980 959 1030 “an
996 987 1256 1042 incorruptius
1290 1004 1406 1042 quam

144 1068 238 1103 nos;
270 1070 361 1095 nam
386 1066 421 1096 et
449 1059 530 1096 sine
553 1071 683 1097 amore
705 1067 741 1096 et
770 1059 851 1096 sine
873 1059 1081 1108 cupiditate
1102 1065 1139 1096 et
1169 1070 1295 1095 rursus
1327 1058 1407 1095 sine

143 1122 234 1161 odio
263 1130 299 1161 et
328 1124 408 1161 sine
438 1124 578 1162 invidia
600 1116 843 1162 iudicabunt.
900 1125 945 1162 Id
984 1131 1113 1162 autem
1144 1124 1294 1162 etiamsi
1324 1132 1406 1161 tum
1427 1130 1467 1161 30

143 1188 192 1225 ad
231 1195 278 1233 te,
313 1196 353 1226 ut
386 1189 543 1239 quidam
583 1186 717 1243 [falso]
755 1197 900 1240 putant,
935 1203 1014 1228 non
1053 1190 1267 1240 pertinebit,
1302 1202 1406 1227 nune

141 1260 240 1291 certe
273 1254 433 1303 pertinet
464 1267 547 1292 esse
578 1263 614 1293 te
645 1255 771 1301 talem,
807 1263 848 1293 ut
880 1262 962 1293 tuas
995 1255 1126 1292 laudes
1155 1256 1408 1293 obscuratura

142 1317 245 1356 nulla
264 1331 450 1370 umquam
471 1321 516 1358 sit
537 1320 688 1358 oblivio.
723 1342 725 1344 ·

140 1434 354 1472 Returning
374 1438 414 1466 to
438 1436 502 1466 the
525 1416 671 1472 subject
691 1437 734 1467 of
751 1438 808 1468 oh.
827 1437 893 1467 vii.
940 1436 972 1466 T
968 1435 1006 1466 lte
1025 1435 1195 1466 mz‘serable
1218 1435 1362 1476 struggle
1378 1436 1407 1466 is

226 1498 312 1520 over.
364 1489 431 1521 lee
454 1491 639 1531 generosz'ty
662 1490 702 1532 of
720 1491 773 1521 tlze
800 1491 906 1521 victor
926 1490 986 1521 lzas
1009 1490 1154 1530 changed
1172 1500 1236 1520 our
1258 1490 1408 1532 hostility

227 1544 297 1574 into
313 1543 427 1585 hcarty
443 1544 620 1588 allegiance
631 1557 641 1576 .·
658 1556 714 1580 ,ωε
727 1545 802 1576 will
814 1545 924 1576 slzield
927 1556 996 1586 you
1007 1545 1089 1576 wilh
1106 1555 1170 1576 our
1180 1555 1254 1576 own
1270 1545 1384 1576 bodies.

197 1653 270 1689 10,
292 1644 486 1682 Diversae
519 1645 735 1683 voluntates
769 1631 908 1682 civium
938 1644 1089 1682 fuerunt
1124 1645 1404 1696 distractaeque

140 1710 363 1748 sententiae.
436 1710 528 1748 Non
568 1711 671 1748 enirn
711 1711 878 1762 consiliis
915 1709 1041 1748 solum
1080 1717 1117 1748 et
1156 1710 1300 1757 studiis,
1336 1711 1402 1749 sed

138 1775 254 1812 armis
273 1775 387 1812 etiam
408 1783 446 1813 et
466 1777 599 1814 castris
626 1776 929 1822 dissidebamus;
958 1783 1037 1813 erat
1062 1776 1163 1812 enim
1193 1768 1404 1829 obscuritas

139 1840 341 1890 quaedam,
377 1849 456 1878 erat
486 1849 679 1879 certamen
711 1842 807 1878 inter
846 1841 1077 1879 clarissimos
1111 1842 1255 1888 duces;
1296 1841 1403 1879 multi

139 1904 376 1952 dubitabant,
398 1906 491 1956 quid
511 1907 702 1956 optimum
723 1914 832 1952 esset,
855 1907 973 1952 multi,
988 1907 1080 1956 quid
1102 1907 1172 1944 sibi
1193 1907 1402 1973 expediret,

138 1970 258 2016 multi,
290 1971 383 2020 quid
412 1971 574 2018 deceret,
600 1985 680 2009 non
711 1972 806 2009 nulli
836 1973 978 2039 etiam,
992 1972 1096 2030 quid
1113 1968 1269 2029 liceret
1299 1970 1402 2010 Pe'r—
1422 1981 1461 2012 31

137 2034 266 2073 functa
287 2048 346 2074 res
370 2036 522 2086 publica
541 2044 598 2074 est
618 2037 692 2075 hoc
712 2038 855 2075 misero
885 2014 1064 2087 fatalique
1086 2022 1212 2083 bello;
1243 2038 1328 2075 vicit
1358 2038 1401 2083 is,

137 2100 202 2149 qui
232 2113 313 2139 non
342 2101 497 2140 fortuna
528 2102 784 2140 inflammaret
815 2103 946 2141 odium
978 2115 1102 2150 suum,
1135 2103 1202 2140 sed
1231 2103 1402 2141 bonitate

135 2164 281 2215 leniret,
296 2178 366 2204 nec
388 2168 452 2216 qui
472 2179 620 2214 omnes,
640 2169 779 2218 quibus
800 2169 916 2206 iratus
937 2176 1048 2215 esset,
1068 2169 1227 2206 eosdem
1249 2165 1401 2221 [etiam]

136 2229 250 2268 exilio
270 2239 334 2269 aut
354 2240 478 2270 morte
499 2233 638 2283 dignos
658 2234 850 2272 iudicaret.
891 2235 1010 2272 Arma
1031 2235 1080 2272 ab
1101 2234 1182 2272 aliis
1202 2234 1336 2283 posita,
1351 2235 1401 2271 ab
