1659 2499
296 110 390 143 PRO
422 111 474 143 M.
506 110 774 142 MARCELLO
807 110 1001 142 ORATIO.
1061 101 1107 156 ξξ
1141 108 1292 151 20—25.
1397 110 1421 149 9

164 216 366 266 doleoque,
398 229 487 254 cum
518 230 577 255 res
615 217 768 267 publica
806 216 1018 254 inmortalis
1049 228 1132 254 esse
1162 215 1309 259 debeat,
1336 226 1420 252 earn

162 281 198 318 in
219 282 332 320 unius
356 282 526 320 mortalis
546 283 676 320 anima
696 283 912 320 consistere.
972 282 1010 319 Si
1032 293 1121 319 vero
1152 281 1200 318 ad
1228 280 1420 317 humanos

6 387 27 401 b
42 364 117 401 mes?
165 359 274 385 casus
294 348 537 398 incertosque
562 355 689 386 motus
710 348 932 385 valetudinis
961 348 1112 401 sceleris
1136 347 1251 384 etiam
1278 345 1422 384 aceedit

7 442 29 450 ,
40 423 120 457 ⁴0²²}
121 413 463 470 ‘insidiarumque
501 414 716 459 consensio,
751 427 867 464 quem
906 414 1033 458 deum,
1074 414 1103 450 si
1137 413 1275 462 cupiat,
1309 423 1421 461 posse

14 469 125 513 νν*ΤζὟ
153 465 335 531 opitulari
355 480 408 517 rei
427 480 603 530 publicae
623 480 854 518 credamus?
879 472 883 515 1

9 548 29 577 h
41 548 64 572 a
82 524 143 564 Μ’

22 576 129 598 s
164 588 242 620 Chs.
260 590 327 628 viii,
344 590 385 621 ix.
428 592 658 628 Digression.
714 591 802 621 l'our
816 590 905 621 work
923 600 951 620 es
973 589 1050 630 only
1066 589 1169 630 bcgun
1185 602 1194 619 :
1219 598 1261 619 no
1283 598 1342 619 one
1362 598 1422 618 can

250 645 397 686 complete
413 645 440 676 it
456 645 494 676 in
504 656 595 686 your
601 646 704 687 place.
754 646 842 676 Your
855 644 939 686 lese-'s
954 644 1073 675 drama
1085 647 1194 674 wants
1208 643 1348 675 another
1361 647 1423 677 act,

251 703 282 730 lo
297 710 404 730 secure
417 700 444 731 it
460 701 690 741 immortality.

170 839 176 852 Ι
220 799 260 835 8.
292 799 434 838 Omnia
469 809 557 838 sunt
590 800 792 838 excitanda
831 801 908 846 tibi,
938 800 984 837 C.
1018 799 1171 846 Caesar,
1211 799 1290 845 uni,
1324 811 1423 849 quae

101 870 120 876 ·“
141 860 286 915 ‘iacere
316 866 430 904 sentis
460 866 550 903 belli
579 867 696 916 ipsius
725 867 880 916 impetu,
910 866 1015 916 quod
1045 878 1201 903 necesse
1231 865 1310 910 fuit,
1338 878 1423 915 per-

164 931 269 968 culsa
301 938 415 981 atque
453 939 667 981 prostrata;
713 933 981 970 constituenda
1019 931 1169 977 iudicia,
1209 930 1425 969 revocanda

163 996 269 1043 fides,
291 997 607 1070 comprimendae
623 984 810 1044 libidines,
827 997 1093 1071 prQanda
1098 997 1262 1046 suboles,
1281 997 1422 1043 omnia,

163 1075 262 1113 quae
296 1062 442 1113 dilapsa
474 1063 550 1100 iam
585 1055 839 1110 diffluirerunt‚
876 1064 1013 1101 severis
1047 1064 1195 1114 legibus
1225 1062 1424 1100 vincienda

65 1123 85 1183 7.
162 1137 260 1166 sunt.
318 1128 410 1166 Non
439 1128 506 1165 fuit
539 1129 795 1167 recusandum
826 1130 863 1166 in
897 1136 1006 1168 tanto
1036 1129 1133 1167 civili
1164 1128 1275 1175 bello,
1312 1134 1420 1165 tanto

163 1195 381 1232 animorum
410 1195 544 1233 ardore
574 1203 611 1233 et
631 1189 837 1242 armorum,
861 1195 951 1246 quin
973 1202 1151 1245 quassata
1172 1207 1232 1232 res
1260 1193 1422 1260 publica,

163 1261 396 1321 quicumque
413 1260 498 1298 belli
511 1273 555 1298 ev
557 1268 668 1298 entus
680 1260 822 1312 fuisset,
833 1261 952 1298 multa
964 1261 1139 1315 perderet
1152 1267 1187 1297 et
1199 1252 1426 1297 ornamenta

116 1321 119 1327 ¹
136 1320 357 1376 dignitatis
386 1334 422 1364 et
453 1326 640 1376 praesidia
669 1326 880 1364 stabilitatis
911 1338 1014 1372 suae,
1044 1326 1242 1375 multaque
1263 1331 1424 1374 uterque

163 1391 241 1429 dux
271 1391 411 1429 faceret
431 1399 611 1437 armatus,
632 1404 732 1441 quae
752 1392 854 1429 idem
876 1398 1030 1451 togatus
1057 1391 1137 1428 fieri
1160 1390 1426 1440 prohibuisset

163 1456 277 1504 Quae
298 1457 454 1506 quidem
476 1457 541 1495 tibi
562 1469 666 1495 nunc
687 1458 819 1496 omnia
845 1457 934 1495 belli
954 1447 1110 1511 {ulnera
1133 1456 1305 1495 sananda
1325 1463 1424 1501 sunt⁷

163 1523 300 1573 quibus
339 1529 487 1572 praeter
526 1531 561 1560 te
600 1523 745 1576 mederi
781 1535 898 1561 nemo
936 1530 1073 1573 potest.
1149 1523 1284 1572 Itaque
1322 1521 1426 1559 illam

163 1574 268 1626 tuam
300 1573 717 1638 praeclarissimam‘eft
755 1588 1077 1638 sapientissimam
1114 1600 1251 1626 vocem
1288 1587 1426 1625 invitus

164 1655 313 1693 audivi:
347 1654 469 1692 ‘Satis
499 1655 563 1692 diu
592 1654 652 1692 vel
680 1661 837 1692 naturae
867 1655 942 1692 vixi
960 1654 1017 1693 vel
1038 1652 1203 1704 gloriae.'
1264 1653 1373 1700 Satis,
1395 1653 1424 1690 si

162 1721 213 1758 ita
240 1720 307 1765 vis,
328 1719 487 1758 fortasse
515 1723 686 1765 naturae,
706 1720 808 1758 addo
832 1721 960 1767 etiam,
982 1720 1013 1757 si
1038 1719 1174 1769 placet,
1195 1719 1352 1768 gloriae,
1375 1725 1423 1758 at.

163 1786 270 1836 quod
292 1786 505 1823 maximum
534 1792 602 1831 est,
623 1786 766 1835 patriae
796 1792 897 1823 certe
926 1797 1075 1835 parum.
1132 1785 1263 1831 Quare
1293 1785 1425 1823 omitte

165 1852 287 1899 istam,
310 1863 466 1902 quaeso,
489 1851 690 1889 doctorum
709 1851 912 1889 hominum
932 1852 972 1888 in
992 1850 1277 1889 contemnenda
1303 1857 1425 1887 morte

164 1917 420 1967 prudentiam,
458 1917 537 1955 noli
575 1924 708 1954 nostro
746 1917 914 1966 periculo
953 1929 1038 1954 esse
1077 1917 1242 1966 sapiens.
1303 1915 1424 1966 Saepe

163 1983 266 2020 enim
305 1982 406 2020 venit
438 1982 487 2019 ad
520 1994 632 2019 aures
663 1994 771 2020 meas
805 1989 840 2019 te
874 1982 976 2019 idem
1008 1982 1107 2019 istud
1145 1982 1259 2019 nimis
1291 1982 1426 2019 crebro

163 2038 304 2094 dicere,
324 2047 390 2085 tibi
410 2048 500 2086 satis
529 2054 566 2085 te
595 2047 743 2085 vixisse.
801 2046 954 2093 Credo,
985 2047 1052 2085 sed
1074 2054 1155 2084 tum
1184 2047 1222 2084 id
1243 2047 1424 2091 audirem,

164 2113 195 2149 si
233 2113 300 2150 tibi
339 2112 409 2150 soli
446 2112 594 2150 viveres
627 2119 692 2150 aut
730 2113 761 2150 si
799 2113 866 2150 tibi
904 2113 1019 2150 etiam
1059 2112 1129 2149 soli
1168 2119 1277 2150 natus
1311 2124 1426 2150 esses.

165 2176 353 2215 Omnium
384 2177 546 2215 salutem
574 2177 714 2215 civium
747 2184 1005 2227 cunctamque
1034 2190 1113 2215 rem
1142 2177 1338 2226 publicam
1367 2189 1426 2215 res

165 2250 251 2280 tuae
280 2248 409 2292 gestae
440 2242 667 2292 complexae
696 2250 785 2280 sunt
802 2256 810 2288 ;
842 2251 989 2280 tantum
1020 2243 1112 2280 abes
1142 2255 1165 2280 a
1193 2243 1426 2292 perfectione

1444 1535 1462 1564 10

1468 1535 1485 1564 vx
