<?xml version="1.0" encoding="UTF-8"?>
<!DOCTYPE html PUBLIC "-//W3C//DTD XHTML 1.0 Transitional//EN"
    "http://www.w3.org/TR/xhtml1/DTD/xhtml1-transitional.dtd">
<html xmlns="http://www.w3.org/1999/xhtml" xml:lang="en" lang="en">
 <head>
  <title>
</title>
<meta http-equiv="Content-Type" content="text/html;charset=utf-8" />
  <meta name='ocr-system' content='tesseract 3.04.00' />
  <meta name='ocr-capabilities' content='ocr_page ocr_carea ocr_par ocr_line ocrx_word'/>
</head>
<body>
  <div class='ocr_page' id='page_1' title='image "./orationescaesar00ciceuoft/orationescaesar00ciceuoft_0035.png"; bbox 0 0 1659 2499; ppageno 0'>
   <div class='ocr_carea' id='block_1_1' title="bbox 322 91 1413 146">
    <p class='ocr_par' dir='ltr' id='par_1_1' title="bbox 322 91 1413 146">
     <span class='ocr_line' id='line_1_1' title="bbox 322 91 1413 146; baseline 0.003 -16"><span class='ocrx_word' id='word_1_1' title='bbox 322 99 416 131; x_wconf 80' lang='lat' dir='ltr'>PRO</span> <span class='ocrx_word' id='word_1_2' title='bbox 449 99 489 140; x_wconf 86' lang='lat' dir='ltr'>Q.</span> <span class='ocrx_word' id='word_1_3' title='bbox 519 99 723 131; x_wconf 80' lang='lat' dir='ltr'><em>LIGARIO</em></span> <span class='ocrx_word' id='word_1_4' title='bbox 755 99 949 132; x_wconf 79' lang='lat' dir='ltr'><em>ORATIO.</em></span> <span class='ocrx_word' id='word_1_5' title='bbox 1012 91 1061 146; x_wconf 69' lang='lat'>§§</span> <span class='ocrx_word' id='word_1_6' title='bbox 1093 101 1246 146; x_wconf 84' lang='lat'>30-35.</span> <span class='ocrx_word' id='word_1_7' title='bbox 1366 103 1413 142; x_wconf 83' lang='lat'>27</span> 
     </span>
    </p>
   </div>
   <div class='ocr_carea' id='block_1_2' title="bbox 152 204 1418 843">
    <p class='ocr_par' dir='ltr' id='par_1_2' title="bbox 152 204 1418 843">
     <span class='ocr_line' id='line_1_2' title="bbox 153 204 1416 255; baseline 0.002 -14"><span class='ocrx_word' id='word_1_8' title='bbox 153 204 405 243; x_wconf 87' lang='lat' dir='ltr'>audiebamus</span> <span class='ocrx_word' id='word_1_9' title='bbox 425 217 497 243; x_wconf 89' lang='lat' dir='ltr'>nos</span> <span class='ocrx_word' id='word_1_10' title='bbox 517 217 654 243; x_wconf 87' lang='lat' dir='ltr'>omnes</span> <span class='ocrx_word' id='word_1_11' title='bbox 678 205 912 244; x_wconf 86' lang='lat' dir='ltr'>adversarios</span> <span class='ocrx_word' id='word_1_12' title='bbox 941 214 1086 255; x_wconf 84' lang='lat' dir='ltr'>putare,</span> <span class='ocrx_word' id='word_1_13' title='bbox 1111 206 1181 242; x_wconf 85' lang='lat' dir='ltr'>nisi</span> <span class='ocrx_word' id='word_1_14' title='bbox 1203 206 1266 255; x_wconf 89' lang='lat' dir='ltr'>qui</span> <span class='ocrx_word' id='word_1_15' title='bbox 1288 207 1416 243; x_wconf 70' lang='lat' dir='ltr'>nobls-</span> 
     </span>
     <span class='ocr_line' id='line_1_3' title="bbox 152 270 1415 320; baseline -0.001 -12"><span class='ocrx_word' id='word_1_16' title='bbox 152 281 240 308; x_wconf 90' lang='lat' dir='ltr'>cum</span> <span class='ocrx_word' id='word_1_17' title='bbox 275 277 414 316; x_wconf 88' lang='lat' dir='ltr'><strong>essent,</strong></span> <span class='ocrx_word' id='word_1_18' title='bbox 450 277 486 308; x_wconf 89' lang='lat' dir='ltr'>te</span> <span class='ocrx_word' id='word_1_19' title='bbox 520 270 658 317; x_wconf 91' lang='lat' dir='ltr'>omnis,</span> <span class='ocrx_word' id='word_1_20' title='bbox 695 270 760 320; x_wconf 89' lang='lat' dir='ltr'>qui</span> <span class='ocrx_word' id='word_1_21' title='bbox 796 278 931 308; x_wconf 82' lang='lat' dir='ltr'>contra</span> <span class='ocrx_word' id='word_1_22' title='bbox 966 278 1000 309; x_wconf 91' lang='lat' dir='ltr'>te</span> <span class='ocrx_word' id='word_1_23' title='bbox 1034 283 1115 308; x_wconf 90' lang='lat' dir='ltr'>non</span> <span class='ocrx_word' id='word_1_24' title='bbox 1148 278 1286 317; x_wconf 80' lang='lat' dir='ltr'>essent,</span> <span class='ocrx_word' id='word_1_25' title='bbox 1319 278 1415 309; x_wconf 72' lang='lat' dir='ltr'>tuos</span> 
     </span>
     <span class='ocr_line' id='line_1_4' title="bbox 153 335 1416 386; baseline 0.002 -14"><span class='ocrx_word' id='word_1_26' title='bbox 153 335 320 373; x_wconf 82' lang='lat' dir='ltr'>Videsne</span> <span class='ocrx_word' id='word_1_27' title='bbox 359 335 471 386; x_wconf 87' lang='lat' dir='ltr'>igitur</span> <span class='ocrx_word' id='word_1_28' title='bbox 509 335 612 374; x_wconf 88' lang='lat' dir='ltr'>hunc</span> <span class='ocrx_word' id='word_1_29' title='bbox 651 335 899 385; x_wconf 83' lang='lat' dir='ltr'>splendorem</span> <span class='ocrx_word' id='word_1_30' title='bbox 937 337 1124 383; x_wconf 91' lang='lat' dir='ltr'>omnium,</span> <span class='ocrx_word' id='word_1_31' title='bbox 1159 336 1257 374; x_wconf 89' lang='lat' dir='ltr'>hanc</span> <span class='ocrx_word' id='word_1_32' title='bbox 1298 336 1416 374; x_wconf 89' lang='lat' dir='ltr'>Broc-</span> 
     </span>
     <span class='ocr_line' id='line_1_5' title="bbox 153 400 1418 448; baseline -0.001 -10"><span class='ocrx_word' id='word_1_33' title='bbox 153 400 312 438; x_wconf 84' lang='lat' dir='ltr'>chorum</span> <span class='ocrx_word' id='word_1_34' title='bbox 352 401 525 448; x_wconf 87' lang='lat' dir='ltr'>domum,</span> <span class='ocrx_word' id='word_1_35' title='bbox 562 400 663 439; x_wconf 88' lang='lat' dir='ltr'>hunc</span> <span class='ocrx_word' id='word_1_36' title='bbox 703 401 749 440; x_wconf 87' lang='lat' dir='ltr'>L.</span> <span class='ocrx_word' id='word_1_37' title='bbox 787 401 992 447; x_wconf 88' lang='lat' dir='ltr'>Marcium,</span> <span class='ocrx_word' id='word_1_38' title='bbox 1028 401 1072 439; x_wconf 92' lang='lat' dir='ltr'>C.</span> <span class='ocrx_word' id='word_1_39' title='bbox 1108 401 1336 447; x_wconf 74' lang='lat' dir='ltr'>Caesetium,</span> <span class='ocrx_word' id='word_1_40' title='bbox 1375 402 1418 439; x_wconf 89' lang='lat' dir='ltr'>L.</span> 
     </span>
     <span class='ocr_line' id='line_1_6' title="bbox 153 466 1418 517; baseline 0 -13"><span class='ocrx_word' id='word_1_41' title='bbox 153 466 378 513; x_wconf 87' lang='lat' dir='ltr'>Corfidium,</span> <span class='ocrx_word' id='word_1_42' title='bbox 401 466 472 505; x_wconf 89' lang='lat' dir='ltr'>hos</span> <span class='ocrx_word' id='word_1_43' title='bbox 495 478 632 504; x_wconf 88' lang='lat' dir='ltr'>omnes</span> <span class='ocrx_word' id='word_1_44' title='bbox 657 467 804 517; x_wconf 89' lang='lat' dir='ltr'>equites</span> <span class='ocrx_word' id='word_1_45' title='bbox 834 467 1047 513; x_wconf 88' lang='lat' dir='ltr'>Romanos,</span> <span class='ocrx_word' id='word_1_46' title='bbox 1069 467 1134 517; x_wconf 92' lang='lat' dir='ltr'>qui</span> <span class='ocrx_word' id='word_1_47' title='bbox 1156 467 1295 504; x_wconf 88' lang='lat' dir='ltr'>adsunt</span> <span class='ocrx_word' id='word_1_48' title='bbox 1315 476 1418 504; x_wconf 79' lang='lat' dir='ltr'>veste</span> 
     </span>
     <span class='ocr_line' id='line_1_7' title="bbox 154 531 1416 582; baseline 0.001 -14"><span class='ocrx_word' id='word_1_49' title='bbox 154 538 310 577; x_wconf 84' lang='lat' dir='ltr'>mutata,</span> <span class='ocrx_word' id='word_1_50' title='bbox 331 543 411 569; x_wconf 91' lang='lat' dir='ltr'>non</span> <span class='ocrx_word' id='word_1_51' title='bbox 433 531 559 570; x_wconf 89' lang='lat' dir='ltr'>solum</span> <span class='ocrx_word' id='word_1_52' title='bbox 581 539 693 570; x_wconf 89' lang='lat' dir='ltr'>notos</span> <span class='ocrx_word' id='word_1_53' title='bbox 713 532 790 578; x_wconf 88' lang='lat' dir='ltr'>tibi,</span> <span class='ocrx_word' id='word_1_54' title='bbox 811 545 942 570; x_wconf 87' lang='lat' dir='ltr'>verum</span> <span class='ocrx_word' id='word_1_55' title='bbox 962 533 1076 570; x_wconf 86' lang='lat' dir='ltr'>etiam</span> <span class='ocrx_word' id='word_1_56' title='bbox 1102 533 1286 582; x_wconf 82' lang='lat' dir='ltr'>probatos</span> <span class='ocrx_word' id='word_1_57' title='bbox 1306 533 1416 578; x_wconf 88' lang='lat' dir='ltr'>viros,</span> 
     </span>
     <span class='ocr_line' id='line_1_8' title="bbox 154 596 1418 647; baseline -0.001 -13"><span class='ocrx_word' id='word_1_58' title='bbox 154 597 219 646; x_wconf 90' lang='lat' dir='ltr'>qui</span> <span class='ocrx_word' id='word_1_59' title='bbox 249 603 376 634; x_wconf 89' lang='lat' dir='ltr'>tecum</span> <span class='ocrx_word' id='word_1_60' title='bbox 406 596 586 635; x_wconf 87' lang='lat' dir='ltr'>suerunt?</span> <span class='ocrx_word' id='word_1_61' title='bbox 643 598 770 647; x_wconf 86' lang='lat' dir='ltr'>Atque</span> <span class='ocrx_word' id='word_1_62' title='bbox 791 597 849 635; x_wconf 85' lang='lat' dir='ltr'>his</span> <span class='ocrx_word' id='word_1_63' title='bbox 869 598 1137 644; x_wconf 80' lang='lat' dir='ltr'>irascebamur,</span> <span class='ocrx_word' id='word_1_64' title='bbox 1159 597 1230 635; x_wconf 87' lang='lat' dir='ltr'>hos</span> <span class='ocrx_word' id='word_1_65' title='bbox 1251 598 1418 647; x_wconf 86' lang='lat' dir='ltr'>require-</span> 
     </span>
     <span class='ocr_line' id='line_1_9' title="bbox 155 662 1418 712; baseline -0.001 -13"><span class='ocrx_word' id='word_1_66' title='bbox 155 663 302 708; x_wconf 84' lang='lat' dir='ltr'>bamus,</span> <span class='ocrx_word' id='word_1_67' title='bbox 325 662 382 699; x_wconf 86' lang='lat' dir='ltr'>his</span> <span class='ocrx_word' id='word_1_68' title='bbox 403 674 483 700; x_wconf 89' lang='lat' dir='ltr'>non</span> <span class='ocrx_word' id='word_1_69' title='bbox 510 662 600 699; x_wconf 92' lang='lat' dir='ltr'>nulli</span> <span class='ocrx_word' id='word_1_70' title='bbox 628 663 743 700; x_wconf 84' lang='lat' dir='ltr'>etiam</span> <span class='ocrx_word' id='word_1_71' title='bbox 768 663 1022 700; x_wconf 83' lang='lat' dir='ltr'>minabamur.</span> <span class='ocrx_word' id='word_1_72' title='bbox 1081 662 1279 701; x_wconf 86' lang='lat' dir='ltr'>Conserva</span> <span class='ocrx_word' id='word_1_73' title='bbox 1307 663 1418 712; x_wconf 85' lang='lat' dir='ltr'>igitur</span> 
     </span>
     <span class='ocr_line' id='line_1_10' title="bbox 154 727 1416 778; baseline 0.002 -14"><span class='ocrx_word' id='word_1_74' title='bbox 154 728 226 765; x_wconf 90' lang='lat' dir='ltr'>tuis</span> <span class='ocrx_word' id='word_1_75' title='bbox 247 739 350 774; x_wconf 91' lang='lat' dir='ltr'>suos,</span> <span class='ocrx_word' id='word_1_76' title='bbox 366 734 418 774; x_wconf 90' lang='lat' dir='ltr'>ut,</span> <span class='ocrx_word' id='word_1_77' title='bbox 435 740 550 778; x_wconf 90' lang='lat' dir='ltr'>quem</span> <span class='ocrx_word' id='word_1_78' title='bbox 572 727 621 765; x_wconf 85' lang='lat' dir='ltr'>ad</span> <span class='ocrx_word' id='word_1_79' title='bbox 642 728 802 765; x_wconf 91' lang='lat' dir='ltr'>modum</span> <span class='ocrx_word' id='word_1_80' title='bbox 822 735 956 775; x_wconf 85' lang='lat' dir='ltr'>cetera,</span> <span class='ocrx_word' id='word_1_81' title='bbox 979 741 1078 778; x_wconf 87' lang='lat' dir='ltr'>quae</span> <span class='ocrx_word' id='word_1_82' title='bbox 1099 728 1200 766; x_wconf 86' lang='lat' dir='ltr'>dicta</span> <span class='ocrx_word' id='word_1_83' title='bbox 1221 736 1308 765; x_wconf 91' lang='lat' dir='ltr'>sunt</span> <span class='ocrx_word' id='word_1_84' title='bbox 1329 741 1350 765; x_wconf 81' lang='lat' dir='ltr'>a</span> <span class='ocrx_word' id='word_1_85' title='bbox 1371 735 1416 768; x_wconf 79' lang='lat' dir='ltr'>te.</span> 
     </span>
     <span class='ocr_line' id='line_1_11' title="bbox 154 793 799 843; baseline 0 -13"><span class='ocrx_word' id='word_1_86' title='bbox 154 793 205 831; x_wconf 90' lang='lat' dir='ltr'>sic</span> <span class='ocrx_word' id='word_1_87' title='bbox 226 793 299 831; x_wconf 88' lang='lat' dir='ltr'>hoc</span> <span class='ocrx_word' id='word_1_88' title='bbox 320 793 557 831; x_wconf 88' lang='lat' dir='ltr'>verissimum</span> <span class='ocrx_word' id='word_1_89' title='bbox 578 795 799 843; x_wconf 83' lang='lat' dir='ltr'>reperiatur.</span> 
     </span>
    </p>
   </div>
   <div class='ocr_carea' id='block_1_3' title="bbox 158 902 1424 1271">
    <p class='ocr_par' dir='ltr' id='par_1_3' title="bbox 158 902 1424 1271">
     <span class='ocr_line' id='line_1_12' title="bbox 158 902 1420 944; baseline -0.002 -10"><span class='ocrx_word' id='word_1_90' title='bbox 158 904 210 940; x_wconf 49' lang='lat' dir='ltr'>x§§</span> <span class='ocrx_word' id='word_1_91' title='bbox 230 902 364 943; x_wconf 78' lang='lat'>34-38).</span> <span class='ocrx_word' id='word_1_92' title='bbox 411 902 561 933; x_wconf 78' lang='lat' dir='ltr'>Further</span> <span class='ocrx_word' id='word_1_93' title='bbox 580 903 674 943; x_wconf 79' lang='lat' dir='ltr'>pleas</span> <span class='ocrx_word' id='word_1_94' title='bbox 689 902 753 944; x_wconf 87' lang='lat' dir='ltr'>for</span> <span class='ocrx_word' id='word_1_95' title='bbox 765 902 992 944; x_wconf 69' lang='lat' dir='ltr'>forgiveness:</span> <span class='ocrx_word' id='word_1_96' title='bbox 1024 903 1101 934; x_wconf 82' lang='lat' dir='ltr'>such</span> <span class='ocrx_word' id='word_1_97' title='bbox 1130 903 1159 934; x_wconf 87' lang='lat' dir='ltr'>is</span> <span class='ocrx_word' id='word_1_98' title='bbox 1182 903 1235 934; x_wconf 78' lang='lat' dir='ltr'>the</span> <span class='ocrx_word' id='word_1_99' title='bbox 1260 903 1420 943; x_wconf 80' lang='lat' dir='ltr'>brotherly</span> 
     </span>
     <span class='ocr_line' id='line_1_13' title="bbox 243 955 1419 999; baseline -0.001 -11"><span class='ocrx_word' id='word_1_100' title='bbox 243 955 382 988; x_wconf 79' lang='lat' dir='ltr'>con‘cord</span> <span class='ocrx_word' id='word_1_101' title='bbox 399 957 439 999; x_wconf 86' lang='lat' dir='ltr'>of</span> <span class='ocrx_word' id='word_1_102' title='bbox 454 957 507 988; x_wconf 86' lang='lat' dir='ltr'>the</span> <span class='ocrx_word' id='word_1_103' title='bbox 530 957 619 988; x_wconf 86' lang='lat' dir='ltr'>three</span> <span class='ocrx_word' id='word_1_104' title='bbox 635 958 736 998; x_wconf 62' lang='lat' dir='ltr'>ngw</span> <span class='ocrx_word' id='word_1_105' title='bbox 746 958 784 996; x_wconf 81' lang='lat' dir='ltr'>z&#39;i,</span> <span class='ocrx_word' id='word_1_106' title='bbox 808 957 881 988; x_wconf 90' lang='lat' dir='ltr'>that</span> <span class='ocrx_word' id='word_1_107' title='bbox 905 957 941 999; x_wconf 76' lang='lat' dir='ltr'>if</span> <span class='ocrx_word' id='word_1_108' title='bbox 961 959 997 997; x_wconf 82' lang='lat' dir='ltr'>Q.</span> <span class='ocrx_word' id='word_1_109' title='bbox 1015 958 1178 999; x_wconf 74' lang='lat' dir='ltr'>Ligarius</span> <span class='ocrx_word' id='word_1_110' title='bbox 1200 958 1270 988; x_wconf 85' lang='lat' dir='ltr'>had</span> <span class='ocrx_word' id='word_1_111' title='bbox 1286 958 1359 988; x_wconf 82' lang='lat' dir='ltr'>been</span> <span class='ocrx_word' id='word_1_112' title='bbox 1382 958 1419 988; x_wconf 83' lang='lat' dir='ltr'>in</span> 
     </span>
     <span class='ocr_line' id='line_1_14' title="bbox 244 1012 1420 1054; baseline -0.001 -11"><span class='ocrx_word' id='word_1_113' title='bbox 244 1012 334 1052; x_wconf 85' lang='lat' dir='ltr'>Italy</span> <span class='ocrx_word' id='word_1_114' title='bbox 349 1012 387 1043; x_wconf 80' lang='lat' dir='ltr'>he</span> <span class='ocrx_word' id='word_1_115' title='bbox 406 1012 502 1043; x_wconf 82' lang='lat' dir='ltr'>could</span> <span class='ocrx_word' id='word_1_116' title='bbox 518 1016 574 1043; x_wconf 88' lang='lat' dir='ltr'>not</span> <span class='ocrx_word' id='word_1_117' title='bbox 589 1012 672 1043; x_wconf 83' lang='lat' dir='ltr'>have</span> <span class='ocrx_word' id='word_1_118' title='bbox 694 1012 832 1053; x_wconf 77' lang='lat' dir='ltr'>adopted</span> <span class='ocrx_word' id='word_1_119' title='bbox 851 1023 872 1043; x_wconf 88' lang='lat' dir='ltr'>a</span> <span class='ocrx_word' id='word_1_120' title='bbox 887 1012 1040 1054; x_wconf 73' lang='lat' dir='ltr'>dzffercnt</span> <span class='ocrx_word' id='word_1_121' title='bbox 1048 1013 1158 1053; x_wconf 82' lang='lat' dir='ltr'>polz&#39;cy</span> <span class='ocrx_word' id='word_1_122' title='bbox 1174 1016 1204 1043; x_wconf 82' lang='lat' dir='ltr'>to</span> <span class='ocrx_word' id='word_1_123' title='bbox 1224 1012 1298 1043; x_wconf 76' lang='lat' dir='ltr'>that</span> <span class='ocrx_word' id='word_1_124' title='bbox 1315 1012 1356 1053; x_wconf 87' lang='lat' dir='ltr'>of</span> <span class='ocrx_word' id='word_1_125' title='bbox 1368 1012 1420 1042; x_wconf 73' lang='lat' dir='ltr'>his</span> 
     </span>
     <span class='ocr_line' id='line_1_15' title="bbox 243 1066 1419 1108; baseline 0 -11"><span class='ocrx_word' id='word_1_126' title='bbox 243 1066 398 1098; x_wconf 75' lang='lat' dir='ltr'>brothers.</span> <span class='ocrx_word' id='word_1_127' title='bbox 446 1069 479 1106; x_wconf 65' lang='grc' dir='ltr'>(ξ</span> <span class='ocrx_word' id='word_1_128' title='bbox 507 1070 562 1107; x_wconf 81' lang='lat'>35)</span> <span class='ocrx_word' id='word_1_129' title='bbox 590 1067 660 1098; x_wconf 84' lang='lat' dir='ltr'>One</span> <span class='ocrx_word' id='word_1_130' title='bbox 677 1066 717 1108; x_wconf 68' lang='lat' dir='ltr'>(ff</span> <span class='ocrx_word' id='word_1_131' title='bbox 732 1066 784 1098; x_wconf 77' lang='lat' dir='ltr'>the</span> <span class='ocrx_word' id='word_1_132' title='bbox 805 1066 960 1104; x_wconf 76' lang='lat' dir='ltr'>brothers,</span> <span class='ocrx_word' id='word_1_133' title='bbox 986 1068 1022 1098; x_wconf 85' lang='lat' dir='ltr'>T.</span> <span class='ocrx_word' id='word_1_134' title='bbox 1043 1068 1216 1107; x_wconf 49' lang='lat' dir='ltr'>Lzfflzrius,</span> <span class='ocrx_word' id='word_1_135' title='bbox 1233 1068 1292 1098; x_wconf 81' lang='lat' dir='ltr'>has</span> <span class='ocrx_word' id='word_1_136' title='bbox 1313 1078 1333 1097; x_wconf 91' lang='lat' dir='ltr'>a</span> <span class='ocrx_word' id='word_1_137' title='bbox 1355 1068 1419 1098; x_wconf 68' lang='lat' dir='ltr'>dis-</span> 
     </span>
     <span class='ocr_line' id='line_1_16' title="bbox 243 1119 1421 1162; baseline -0.001 -10"><span class='ocrx_word' id='word_1_138' title='bbox 243 1121 326 1152; x_wconf 85' lang='lat' dir='ltr'>tinct</span> <span class='ocrx_word' id='word_1_139' title='bbox 337 1121 435 1152; x_wconf 83' lang='lat' dir='ltr'>claim</span> <span class='ocrx_word' id='word_1_140' title='bbox 446 1131 487 1152; x_wconf 86' lang='lat' dir='ltr'>on</span> <span class='ocrx_word' id='word_1_141' title='bbox 501 1122 527 1152; x_wconf 85' lang='lat' dir='ltr'><em>C</em></span> <span class='ocrx_word' id='word_1_142' title='bbox 527 1119 648 1151; x_wconf 76' lang='lat' dir='ltr'>acsar&#39;s</span> <span class='ocrx_word' id='word_1_143' title='bbox 653 1121 823 1162; x_wconf 75' lang='lat' dir='ltr'>gratitude</span> <span class='ocrx_word' id='word_1_144' title='bbox 823 1120 887 1162; x_wconf 85' lang='lat' dir='ltr'>sor</span> <span class='ocrx_word' id='word_1_145' title='bbox 885 1126 963 1162; x_wconf 72' lang='lat' dir='ltr'>past</span> <span class='ocrx_word' id='word_1_146' title='bbox 974 1121 1118 1152; x_wconf 69' lang='lat' dir='ltr'>services.</span> <span class='ocrx_word' id='word_1_147' title='bbox 1144 1121 1199 1161; x_wconf 58' lang='lat'>(55</span> <span class='ocrx_word' id='word_1_148' title='bbox 1213 1131 1275 1162; x_wconf 73' lang='lat'>37-</span> <span class='ocrx_word' id='word_1_149' title='bbox 1279 1121 1333 1162; x_wconf 84' lang='lat'>38)</span> <span class='ocrx_word' id='word_1_150' title='bbox 1347 1123 1421 1152; x_wconf 84' lang='lat' dir='ltr'>‘Act</span> 
     </span>
     <span class='ocr_line' id='line_1_17' title="bbox 245 1175 1424 1217; baseline 0.001 -11"><span class='ocrx_word' id='word_1_151' title='bbox 245 1176 321 1207; x_wconf 82' lang='lat' dir='ltr'>then</span> <span class='ocrx_word' id='word_1_152' title='bbox 343 1176 383 1217; x_wconf 80' lang='lat' dir='ltr'>by</span> <span class='ocrx_word' id='word_1_153' title='bbox 404 1175 488 1206; x_wconf 79' lang='lat' dir='ltr'>these</span> <span class='ocrx_word' id='word_1_154' title='bbox 503 1175 592 1206; x_wconf 76' lang='lat' dir='ltr'>three</span> <span class='ocrx_word' id='word_1_155' title='bbox 608 1175 753 1206; x_wconf 77' lang='lat' dir='ltr'>brothers</span> <span class='ocrx_word' id='word_1_156' title='bbox 769 1176 806 1206; x_wconf 86' lang='lat' dir='ltr'>in</span> <span class='ocrx_word' id='word_1_157' title='bbox 830 1175 882 1207; x_wconf 84' lang='lat' dir='ltr'>the</span> <span class='ocrx_word' id='word_1_158' title='bbox 898 1177 1023 1206; x_wconf 85' lang='lat' dir='ltr'>Forum</span> <span class='ocrx_word' id='word_1_159' title='bbox 1043 1186 1079 1206; x_wconf 86' lang='lat' dir='ltr'>as</span> <span class='ocrx_word' id='word_1_160' title='bbox 1087 1186 1157 1216; x_wconf 81' lang='lat' dir='ltr'>you</span> <span class='ocrx_word' id='word_1_161' title='bbox 1180 1177 1318 1216; x_wconf 80' lang='lat' dir='ltr'>recently</span> <span class='ocrx_word' id='word_1_162' title='bbox 1333 1177 1424 1207; x_wconf 83' lang='lat' dir='ltr'>acted</span> 
     </span>
     <span class='ocr_line' id='line_1_18' title="bbox 243 1230 1057 1271; baseline 0.001 -10"><span class='ocrx_word' id='word_1_163' title='bbox 243 1231 281 1271; x_wconf 80' lang='lat' dir='ltr'>by</span> <span class='ocrx_word' id='word_1_164' title='bbox 296 1230 435 1262; x_wconf 82' lang='lat' dir='ltr'>another</span> <span class='ocrx_word' id='word_1_165' title='bbox 447 1230 694 1270; x_wconf 78' lang='lat' dir='ltr'>distinguished</span> <span class='ocrx_word' id='word_1_166' title='bbox 706 1241 785 1261; x_wconf 83' lang='lat' dir='ltr'>man</span> <span class='ocrx_word' id='word_1_167' title='bbox 803 1230 841 1261; x_wconf 85' lang='lat' dir='ltr'>z&#39;n</span> <span class='ocrx_word' id='word_1_168' title='bbox 856 1231 911 1261; x_wconf 84' lang='lat' dir='ltr'>the</span> <span class='ocrx_word' id='word_1_169' title='bbox 929 1230 1057 1262; x_wconf 63' lang='lat' dir='ltr'>Curia?</span> 
     </span>
    </p>
   </div>
   <div class='ocr_carea' id='block_1_4' title="bbox 158 1316 1480 2283">
    <p class='ocr_par' dir='ltr' id='par_1_4' title="bbox 158 1316 1480 2283">
     <span class='ocr_line' id='line_1_19' title="bbox 215 1316 1478 1367; baseline 0.002 -15"><span class='ocrx_word' id='word_1_170' title='bbox 215 1316 288 1354; x_wconf 85' lang='lat'>12.</span> <span class='ocrx_word' id='word_1_171' title='bbox 319 1316 470 1363; x_wconf 86' lang='lat' dir='ltr'>Quodsi</span> <span class='ocrx_word' id='word_1_172' title='bbox 490 1317 642 1366; x_wconf 89' lang='lat' dir='ltr'>penitus</span> <span class='ocrx_word' id='word_1_173' title='bbox 655 1317 872 1367; x_wconf 88' lang='lat' dir='ltr'>perspicere</span> <span class='ocrx_word' id='word_1_174' title='bbox 893 1329 1025 1366; x_wconf 88' lang='lat' dir='ltr'>posses</span> <span class='ocrx_word' id='word_1_175' title='bbox 1042 1317 1289 1355; x_wconf 84' lang='lat' dir='ltr'>concordiam</span> <span class='ocrx_word' id='word_1_176' title='bbox 1307 1317 1419 1367; x_wconf 85' lang='lat' dir='ltr'>Liga-</span> <span class='ocrx_word' id='word_1_177' title='bbox 1438 1325 1478 1354; x_wconf 78' lang='lat'>34</span> 
     </span>
     <span class='ocr_line' id='line_1_20' title="bbox 158 1382 1420 1432; baseline -0.001 -12"><span class='ocrx_word' id='word_1_178' title='bbox 158 1384 312 1428; x_wconf 87' lang='lat' dir='ltr'>riorum,</span> <span class='ocrx_word' id='word_1_179' title='bbox 335 1395 472 1420; x_wconf 88' lang='lat' dir='ltr'>omnes</span> <span class='ocrx_word' id='word_1_180' title='bbox 492 1382 625 1419; x_wconf 83' lang='lat' dir='ltr'>fratres</span> <span class='ocrx_word' id='word_1_181' title='bbox 650 1390 777 1420; x_wconf 85' lang='lat' dir='ltr'>tecum</span> <span class='ocrx_word' id='word_1_182' title='bbox 804 1382 992 1419; x_wconf 88' lang='lat' dir='ltr'>iudicares</span> <span class='ocrx_word' id='word_1_183' title='bbox 1019 1382 1144 1420; x_wconf 85' lang='lat' dir='ltr'>fuisse.</span> <span class='ocrx_word' id='word_1_184' title='bbox 1202 1383 1264 1419; x_wconf 91' lang='lat' dir='ltr'>An</span> <span class='ocrx_word' id='word_1_185' title='bbox 1295 1391 1420 1432; x_wconf 88' lang='lat' dir='ltr'>potest</span> 
     </span>
     <span class='ocr_line' id='line_1_21' title="bbox 158 1446 1420 1498; baseline 0.001 -13"><span class='ocrx_word' id='word_1_186' title='bbox 158 1449 362 1498; x_wconf 89' lang='lat' dir='ltr'>quisquam</span> <span class='ocrx_word' id='word_1_187' title='bbox 396 1448 582 1494; x_wconf 90' lang='lat' dir='ltr'>dubitare,</span> <span class='ocrx_word' id='word_1_188' title='bbox 614 1447 719 1497; x_wconf 89' lang='lat' dir='ltr'>quin,</span> <span class='ocrx_word' id='word_1_189' title='bbox 752 1447 782 1485; x_wconf 93' lang='lat' dir='ltr'>si</span> <span class='ocrx_word' id='word_1_190' title='bbox 816 1446 866 1493; x_wconf 86' lang='lat' dir='ltr'>Q.</span> <span class='ocrx_word' id='word_1_191' title='bbox 902 1447 1079 1496; x_wconf 82' lang='lat' dir='ltr'>Ligarius</span> <span class='ocrx_word' id='word_1_192' title='bbox 1113 1450 1152 1485; x_wconf 90' lang='lat' dir='ltr'>in</span> <span class='ocrx_word' id='word_1_193' title='bbox 1191 1449 1300 1486; x_wconf 88' lang='lat' dir='ltr'>Italia</span> <span class='ocrx_word' id='word_1_194' title='bbox 1338 1461 1420 1486; x_wconf 85' lang='lat' dir='ltr'>esse</span> 
     </span>
     <span class='ocr_line' id='line_1_22' title="bbox 160 1512 1421 1564; baseline 0 -13"><span class='ocrx_word' id='word_1_195' title='bbox 160 1514 354 1564; x_wconf 87' lang='lat' dir='ltr'>potuisset,</span> <span class='ocrx_word' id='word_1_196' title='bbox 375 1514 414 1550; x_wconf 92' lang='lat' dir='ltr'>in</span> <span class='ocrx_word' id='word_1_197' title='bbox 435 1513 571 1550; x_wconf 90' lang='lat' dir='ltr'>eadem</span> <span class='ocrx_word' id='word_1_198' title='bbox 593 1513 781 1550; x_wconf 87' lang='lat' dir='ltr'>sententia</span> <span class='ocrx_word' id='word_1_199' title='bbox 802 1513 912 1550; x_wconf 85' lang='lat' dir='ltr'>fuerit</span> <span class='ocrx_word' id='word_1_200' title='bbox 932 1512 1089 1559; x_wconf 84' lang='lat' dir='ltr'>futurus,</span> <span class='ocrx_word' id='word_1_201' title='bbox 1113 1514 1152 1550; x_wconf 91' lang='lat' dir='ltr'>in</span> <span class='ocrx_word' id='word_1_202' title='bbox 1182 1526 1258 1564; x_wconf 89' lang='lat' dir='ltr'>qua</span> <span class='ocrx_word' id='word_1_203' title='bbox 1288 1514 1421 1551; x_wconf 84' lang='lat' dir='ltr'>fratres</span> 
     </span>
     <span class='ocr_line' id='line_1_23' title="bbox 159 1577 1422 1628; baseline 0 -12"><span class='ocrx_word' id='word_1_204' title='bbox 159 1579 335 1617; x_wconf 89' lang='lat' dir='ltr'>fuerunt?</span> <span class='ocrx_word' id='word_1_205' title='bbox 394 1578 493 1625; x_wconf 88' lang='lat' dir='ltr'>Quis</span> <span class='ocrx_word' id='word_1_206' title='bbox 519 1585 588 1624; x_wconf 87' lang='lat' dir='ltr'>est,</span> <span class='ocrx_word' id='word_1_207' title='bbox 611 1578 676 1628; x_wconf 92' lang='lat' dir='ltr'>qui</span> <span class='ocrx_word' id='word_1_208' title='bbox 705 1577 844 1615; x_wconf 87' lang='lat' dir='ltr'>horum</span> <span class='ocrx_word' id='word_1_209' title='bbox 873 1590 1106 1616; x_wconf 88' lang='lat' dir='ltr'>consensum</span> <span class='ocrx_word' id='word_1_210' title='bbox 1136 1580 1422 1628; x_wconf 87' lang='lat' dir='ltr'>conspirantem</span> 
     </span>
     <span class='ocr_line' id='line_1_24' title="bbox 159 1644 1421 1696; baseline -0.001 -13"><span class='ocrx_word' id='word_1_211' title='bbox 159 1654 196 1684; x_wconf 89' lang='lat' dir='ltr'>et</span> <span class='ocrx_word' id='word_1_212' title='bbox 233 1658 356 1696; x_wconf 89' lang='lat' dir='ltr'>paene</span> <span class='ocrx_word' id='word_1_213' title='bbox 395 1644 606 1683; x_wconf 84' lang='lat' dir='ltr'>conflatum</span> <span class='ocrx_word' id='word_1_214' title='bbox 643 1644 682 1681; x_wconf 87' lang='lat' dir='ltr'>in</span> <span class='ocrx_word' id='word_1_215' title='bbox 722 1644 793 1682; x_wconf 88' lang='lat' dir='ltr'>hac</span> <span class='ocrx_word' id='word_1_216' title='bbox 831 1657 954 1694; x_wconf 89' lang='lat' dir='ltr'>prope</span> <span class='ocrx_word' id='word_1_217' title='bbox 993 1644 1219 1694; x_wconf 86' lang='lat' dir='ltr'>aequalitate</span> <span class='ocrx_word' id='word_1_218' title='bbox 1257 1645 1421 1695; x_wconf 85' lang='lat' dir='ltr'>fraterna</span> 
     </span>
     <span class='ocr_line' id='line_1_25' title="bbox 162 1710 1421 1761; baseline 0 -13"><span class='ocrx_word' id='word_1_219' title='bbox 162 1711 317 1757; x_wconf 89' lang='lat' dir='ltr'>noverit,</span> <span class='ocrx_word' id='word_1_220' title='bbox 339 1711 403 1761; x_wconf 89' lang='lat' dir='ltr'>qui</span> <span class='ocrx_word' id='word_1_221' title='bbox 423 1710 497 1748; x_wconf 88' lang='lat' dir='ltr'>hoc</span> <span class='ocrx_word' id='word_1_222' title='bbox 518 1722 598 1748; x_wconf 91' lang='lat' dir='ltr'>non</span> <span class='ocrx_word' id='word_1_223' title='bbox 623 1710 772 1755; x_wconf 74' lang='lat' dir='ltr'>sentIat,</span> <span class='ocrx_word' id='word_1_224' title='bbox 794 1710 945 1759; x_wconf 90' lang='lat' dir='ltr'>quidvis</span> <span class='ocrx_word' id='word_1_225' title='bbox 970 1711 1075 1759; x_wconf 93' lang='lat' dir='ltr'>prius</span> <span class='ocrx_word' id='word_1_226' title='bbox 1099 1710 1267 1748; x_wconf 88' lang='lat' dir='ltr'>futurum</span> <span class='ocrx_word' id='word_1_227' title='bbox 1295 1710 1421 1756; x_wconf 86' lang='lat' dir='ltr'>fuisse,</span> 
     </span>
     <span class='ocr_line' id='line_1_26' title="bbox 160 1775 1421 1826; baseline -0.001 -12"><span class='ocrx_word' id='word_1_228' title='bbox 160 1789 275 1826; x_wconf 85' lang='lat' dir='ltr'>quarn</span> <span class='ocrx_word' id='word_1_229' title='bbox 296 1783 336 1813; x_wconf 94' lang='lat' dir='ltr'>ut</span> <span class='ocrx_word' id='word_1_230' title='bbox 357 1776 396 1812; x_wconf 90' lang='lat' dir='ltr'>hi</span> <span class='ocrx_word' id='word_1_231' title='bbox 423 1775 553 1813; x_wconf 84' lang='lat' dir='ltr'>fratres</span> <span class='ocrx_word' id='word_1_232' title='bbox 580 1775 746 1813; x_wconf 88' lang='lat' dir='ltr'>diversas</span> <span class='ocrx_word' id='word_1_233' title='bbox 774 1776 981 1813; x_wconf 86' lang='lat' dir='ltr'>sententias</span> <span class='ocrx_word' id='word_1_234' title='bbox 1009 1775 1256 1826; x_wconf 82' lang='lat' dir='ltr'>fortunasque</span> <span class='ocrx_word' id='word_1_235' title='bbox 1287 1788 1421 1826; x_wconf 87' lang='lat' dir='ltr'>seque—</span> 
     </span>
     <span class='ocr_line' id='line_1_27' title="bbox 159 1841 1422 1891; baseline 0 -12"><span class='ocrx_word' id='word_1_236' title='bbox 159 1843 314 1880; x_wconf 86' lang='lat' dir='ltr'>rentur?</span> <span class='ocrx_word' id='word_1_237' title='bbox 352 1841 561 1879; x_wconf 88' lang='lat' dir='ltr'>Voluntate</span> <span class='ocrx_word' id='word_1_238' title='bbox 582 1842 693 1890; x_wconf 86' lang='lat' dir='ltr'>igitur</span> <span class='ocrx_word' id='word_1_239' title='bbox 714 1853 850 1878; x_wconf 91' lang='lat' dir='ltr'>omnes</span> <span class='ocrx_word' id='word_1_240' title='bbox 868 1847 998 1878; x_wconf 87' lang='lat' dir='ltr'>tecum</span> <span class='ocrx_word' id='word_1_241' title='bbox 1019 1841 1181 1887; x_wconf 87' lang='lat' dir='ltr'>fuerunt,</span> <span class='ocrx_word' id='word_1_242' title='bbox 1196 1849 1422 1891; x_wconf 86' lang='lat' dir='ltr'>tempestate</span> 
     </span>
     <span class='ocr_line' id='line_1_28' title="bbox 161 1906 1420 1957; baseline 0 -13"><span class='ocrx_word' id='word_1_243' title='bbox 161 1908 341 1957; x_wconf 88' lang='lat' dir='ltr'>abreptus</span> <span class='ocrx_word' id='word_1_244' title='bbox 362 1914 417 1944; x_wconf 91' lang='lat' dir='ltr'>est</span> <span class='ocrx_word' id='word_1_245' title='bbox 438 1918 538 1944; x_wconf 92' lang='lat' dir='ltr'>unus</span> <span class='ocrx_word' id='word_1_246' title='bbox 556 1920 567 1953; x_wconf 81' lang='lat'>3</span> <span class='ocrx_word' id='word_1_247' title='bbox 598 1906 664 1956; x_wconf 91' lang='lat' dir='ltr'>qui</span> <span class='ocrx_word' id='word_1_248' title='bbox 684 1907 714 1943; x_wconf 89' lang='lat' dir='ltr'>si</span> <span class='ocrx_word' id='word_1_249' title='bbox 735 1907 896 1944; x_wconf 86' lang='lat' dir='ltr'>consilio</span> <span class='ocrx_word' id='word_1_250' title='bbox 916 1907 953 1944; x_wconf 93' lang='lat' dir='ltr'>id</span> <span class='ocrx_word' id='word_1_251' title='bbox 974 1907 1135 1953; x_wconf 87' lang='lat' dir='ltr'>fecisset,</span> <span class='ocrx_word' id='word_1_252' title='bbox 1159 1914 1258 1944; x_wconf 90' lang='lat' dir='ltr'>esset</span> <span class='ocrx_word' id='word_1_253' title='bbox 1288 1919 1420 1944; x_wconf 89' lang='lat' dir='ltr'>eorum</span> 
     </span>
     <span class='ocr_line' id='line_1_29' title="bbox 161 1971 1480 2022; baseline -0.002 -12"><span class='ocrx_word' id='word_1_254' title='bbox 161 1973 304 2019; x_wconf 90' lang='lat' dir='ltr'>similis,</span> <span class='ocrx_word' id='word_1_255' title='bbox 325 1984 425 2022; x_wconf 91' lang='lat' dir='ltr'>quos</span> <span class='ocrx_word' id='word_1_256' title='bbox 453 1980 493 2009; x_wconf 91' lang='lat' dir='ltr'>tu</span> <span class='ocrx_word' id='word_1_257' title='bbox 522 1979 652 2009; x_wconf 88' lang='lat' dir='ltr'>tamen</span> <span class='ocrx_word' id='word_1_258' title='bbox 682 1972 808 2010; x_wconf 91' lang='lat' dir='ltr'>salvos</span> <span class='ocrx_word' id='word_1_259' title='bbox 838 1984 921 2009; x_wconf 90' lang='lat' dir='ltr'>esse</span> <span class='ocrx_word' id='word_1_260' title='bbox 941 1972 1103 2009; x_wconf 82' lang='lat' dir='ltr'>voluisti.</span> <span class='ocrx_word' id='word_1_261' title='bbox 1163 1971 1239 2010; x_wconf 90' lang='lat' dir='ltr'>Sed</span> <span class='ocrx_word' id='word_1_262' title='bbox 1266 1972 1348 2010; x_wconf 86' lang='lat' dir='ltr'>ierit</span> <span class='ocrx_word' id='word_1_263' title='bbox 1373 1973 1422 2009; x_wconf 91' lang='lat' dir='ltr'>ad</span> <span class='ocrx_word' id='word_1_264' title='bbox 1441 1979 1480 2009; x_wconf 85' lang='lat'>35</span> 
     </span>
     <span class='ocr_line' id='line_1_30' title="bbox 162 2037 1422 2084; baseline 0 -10"><span class='ocrx_word' id='word_1_265' title='bbox 162 2038 318 2084; x_wconf 87' lang='lat' dir='ltr'>bellum,</span> <span class='ocrx_word' id='word_1_266' title='bbox 339 2037 554 2075; x_wconf 88' lang='lat' dir='ltr'>dissenserit</span> <span class='ocrx_word' id='word_1_267' title='bbox 574 2050 654 2075; x_wconf 89' lang='lat' dir='ltr'>non</span> <span class='ocrx_word' id='word_1_268' title='bbox 681 2050 703 2075; x_wconf 92' lang='lat' dir='ltr'>a</span> <span class='ocrx_word' id='word_1_269' title='bbox 728 2045 764 2075; x_wconf 86' lang='lat' dir='ltr'>te</span> <span class='ocrx_word' id='word_1_270' title='bbox 792 2037 934 2083; x_wconf 78' lang='lat' dir='ltr'>solum,</span> <span class='ocrx_word' id='word_1_271' title='bbox 949 2050 1079 2075; x_wconf 92' lang='lat' dir='ltr'>verum</span> <span class='ocrx_word' id='word_1_272' title='bbox 1109 2038 1223 2075; x_wconf 75' lang='lat' dir='ltr'>etiarn</span> <span class='ocrx_word' id='word_1_273' title='bbox 1252 2050 1275 2075; x_wconf 92' lang='lat' dir='ltr'>a</span> <span class='ocrx_word' id='word_1_274' title='bbox 1303 2037 1422 2075; x_wconf 88' lang='lat' dir='ltr'>fratri-</span> 
     </span>
     <span class='ocr_line' id='line_1_31' title="bbox 162 2102 1423 2152; baseline -0.001 -12"><span class='ocrx_word' id='word_1_275' title='bbox 162 2104 233 2140; x_wconf 89' lang='lat' dir='ltr'>bus</span> <span class='ocrx_word' id='word_1_276' title='bbox 246 2116 254 2149; x_wconf 92' lang='lat'>;</span> <span class='ocrx_word' id='word_1_277' title='bbox 285 2102 323 2140; x_wconf 87' lang='lat' dir='ltr'>hi</span> <span class='ocrx_word' id='word_1_278' title='bbox 345 2111 380 2140; x_wconf 92' lang='lat' dir='ltr'>te</span> <span class='ocrx_word' id='word_1_279' title='bbox 399 2109 508 2141; x_wconf 85' lang='lat' dir='ltr'>orant</span> <span class='ocrx_word' id='word_1_280' title='bbox 528 2103 592 2140; x_wconf 86' lang='lat' dir='ltr'>tui.</span> <span class='ocrx_word' id='word_1_281' title='bbox 638 2102 831 2152; x_wconf 84' lang='lat' dir='ltr'>Equidem</span> <span class='ocrx_word' id='word_1_282' title='bbox 854 2115 944 2139; x_wconf 87' lang='lat' dir='ltr'>cum</span> <span class='ocrx_word' id='word_1_283' title='bbox 965 2103 1037 2140; x_wconf 90' lang='lat' dir='ltr'>tuis</span> <span class='ocrx_word' id='word_1_284' title='bbox 1057 2103 1239 2140; x_wconf 90' lang='lat' dir='ltr'>omnibus</span> <span class='ocrx_word' id='word_1_285' title='bbox 1260 2103 1423 2152; x_wconf 84' lang='lat' dir='ltr'>negotiis</span> 
     </span>
     <span class='ocr_line' id='line_1_32' title="bbox 164 2167 1423 2218; baseline 0 -14"><span class='ocrx_word' id='word_1_286' title='bbox 164 2169 399 2214; x_wconf 87' lang='lat' dir='ltr'>interessem,</span> <span class='ocrx_word' id='word_1_287' title='bbox 429 2168 616 2206; x_wconf 86' lang='lat' dir='ltr'>memoria</span> <span class='ocrx_word' id='word_1_288' title='bbox 649 2175 773 2212; x_wconf 89' lang='lat' dir='ltr'>teneo,</span> <span class='ocrx_word' id='word_1_289' title='bbox 808 2167 930 2217; x_wconf 89' lang='lat' dir='ltr'>qualis</span> <span class='ocrx_word' id='word_1_290' title='bbox 959 2167 1008 2206; x_wconf 92' lang='lat' dir='ltr'>T.</span> <span class='ocrx_word' id='word_1_291' title='bbox 1038 2167 1213 2218; x_wconf 87' lang='lat' dir='ltr'>Ligarius</span> <span class='ocrx_word' id='word_1_292' title='bbox 1242 2176 1423 2217; x_wconf 87' lang='lat' dir='ltr'>quaestor</span> 
     </span>
     <span class='ocr_line' id='line_1_33' title="bbox 163 2232 1422 2283; baseline 0 -13"><span class='ocrx_word' id='word_1_293' title='bbox 163 2233 334 2271; x_wconf 89' lang='lat' dir='ltr'>urbanus</span> <span class='ocrx_word' id='word_1_294' title='bbox 353 2232 463 2271; x_wconf 88' lang='lat' dir='ltr'>fuerit</span> <span class='ocrx_word' id='word_1_295' title='bbox 482 2245 574 2283; x_wconf 86' lang='lat' dir='ltr'>erga</span> <span class='ocrx_word' id='word_1_296' title='bbox 593 2239 630 2270; x_wconf 91' lang='lat' dir='ltr'>te</span> <span class='ocrx_word' id='word_1_297' title='bbox 650 2240 686 2270; x_wconf 89' lang='lat' dir='ltr'>et</span> <span class='ocrx_word' id='word_1_298' title='bbox 707 2233 930 2281; x_wconf 86' lang='lat' dir='ltr'>dignitatem</span> <span class='ocrx_word' id='word_1_299' title='bbox 950 2240 1066 2270; x_wconf 90' lang='lat' dir='ltr'>tuam.</span> <span class='ocrx_word' id='word_1_300' title='bbox 1117 2233 1191 2270; x_wconf 90' lang='lat' dir='ltr'>Sed</span> <span class='ocrx_word' id='word_1_301' title='bbox 1212 2245 1346 2283; x_wconf 84' lang='lat' dir='ltr'>parum</span> <span class='ocrx_word' id='word_1_302' title='bbox 1368 2241 1422 2270; x_wconf 89' lang='lat' dir='ltr'>est</span> 
     </span>
    </p>
   </div>
  </div>
 </body>
</html>
