1659 2499
269 82 362 115 PRo
384 75 530 114 ‘REGE
560 82 818 115 DEIOTARO
853 82 1045 116 ORATIO.
1107 74 1154 129 ξξ
1188 83 1340 126 22-25.
1385 87 1438 128 39

178 201 326 228 servum
349 189 567 226 iudicatum.
626 189 717 227 Non
739 190 910 236 arbitror,
932 201 1013 227 non
1041 189 1165 227 audivi
1180 202 1189 235 ;
1220 190 1288 227 sed
1313 190 1351 226 in
1379 202 1436 235 co,

176 255 323 293 etiamsi
343 255 557 300 accidisset,
578 255 733 305 culpam
755 256 856 304 regis
877 255 1021 292 nullam
1043 254 1157 294 fuisse
1177 255 1391 292 arbitrarer.

177 377 232 416 (55
258 376 388 416 24-27).
430 376 568 407 Answer
591 381 627 408 to
656 376 719 417 (b),
746 375 791 418 [v.
814 379 830 414 ξ
861 375 915 417 22]
929 387 935 407 :
969 379 977 393 ‘
991 376 1172 407 Deiotarus
1197 377 1346 417 expected
1369 376 1442 407 that

265 432 387 463 Caesar
401 431 513 462 would
514 430 600 472 find
612 430 908 472 himsefflzcmmed
921 431 959 462 in
975 435 1011 462 at
1027 429 1262 462 Alexandria)
1308 433 1357 462 At
1375 441 1441 470 any

263 490 334 517 rate
349 486 389 516 he
403 496 472 516 was
488 486 578 526 loyal
589 490 620 517 to
625 496 717 526 your
731 496 825 517 cause
836 487 873 517 in
889 487 974 517 Asia
990 487 1041 517 all
1048 486 1122 516 that
1137 485 1216 517 time
1231 486 1304 516 and
1315 486 1445 526 during

262 541 315 572 the
331 540 476 582 African
500 551 595 572 war:
618 541 657 571 in
680 542 761 582 spite
782 540 821 582 of
835 541 887 572 tlte
910 545 999 582 story
1020 541 1061 582 os
1069 540 1122 571 ln's
1124 541 1186 581 joy
1201 546 1236 571 at
1257 552 1276 571 α
1299 551 1442 572 rumam*

261 596 335 627 that
361 596 422 628 Cn.
448 596 622 627 Domitius
647 597 811 627 Calvinus
834 596 903 627 had
917 596 1075 638 perislzed
1098 596 1137 636 hy
1159 596 1350 636 swan-ech,
1373 595 1446 626 and

262 650 411 691 thatyou
433 661 517 681 were
534 651 680 691 besieged.
731 651 784 691 (§§
809 650 929 692 26-27)
958 651 1023 682 lee
1045 661 1175 681 accuser
1189 660 1261 691 goes
1281 649 1392 692 sofar
1405 661 1442 680 as

261 709 293 737 to
315 716 373 746 say
387 705 458 736 that
476 705 530 737 the
550 706 635 746 king
648 710 705 747 got
725 706 838 736 dncnk
858 706 929 736 aad
937 705 1063 737 danced
1081 710 1116 736 at
1139 705 1193 736 the
1208 715 1307 736 news.
1359 705 1441 736 lez‘s

262 760 290 790 is
305 760 526 791 contradicted
539 760 578 801 by
592 761 645 791 the
661 760 763 791 whole
777 765 896 792 tenour
911 759 951 802 of
962 758 1152 791 Dcz'olarus’
1160 763 1239 801 past
1253 759 1323 801 life.

235 849 278 884 9.
308 850 446 887 Alieno
468 858 596 888 autem
616 863 639 887 a
658 857 694 888 te
716 851 849 888 animo
869 849 936 887 fuit
956 862 1034 900 quo
1054 850 1199 887 modo?
1258 849 1440 899 Speravit,

176 915 306 961 credo,
346 915 516 953 difficiles
562 916 628 953 tibi
677 915 937 953 Alexandriae
983 916 1064 953 fore
1112 916 1236 952 exitus
1286 922 1442 964 propter

175 980 374 1030 regionum
413 988 591 1018 naturam
631 988 668 1018 et
712 981 892 1018 fluminis.
968 981 1020 1018 At
1059 993 1106 1018 eo
1145 988 1319 1030 tempore
1357 980 1442 1029 ipso

174 1046 379 1095 pecuniam
410 1046 524 1092 dedit,
559 1047 768 1084 exercitum
809 1046 913 1092 aluit,
949 1047 995 1093 ei,
1030 1058 1145 1096 quem
1184 1046 1298 1083 Asiae
1333 1058 1442 1095 prae-

174 1111 328 1159 feceras,
369 1112 408 1148 in
446 1112 550 1149 nulla
589 1125 627 1149 re
662 1112 802 1158 defuit;
836 1112 904 1149 tibi
942 1112 1073 1150 victori
1107 1124 1188 1149 non
1228 1111 1352 1149 solum
1391 1111 1439 1148 ad

175 1178 397 1227 hospitium,
421 1178 487 1215 sed
511 1178 559 1215 ad
580 1178 791 1228 periculum
812 1179 926 1216 etiam
947 1185 1060 1228 atque
1081 1177 1131 1214 ad
1145 1177 1265 1215 aciem
1288 1184 1442 1227 praesto

176 1243 253 1281 suit.
313 1243 493 1281 Secutum
540 1244 685 1281 bellum
732 1250 788 1282 est
825 1243 1063 1281 Africanum.
1123 1242 1268 1280 Graves
1308 1243 1356 1280 de
1405 1250 1440 1280 te
1459 1250 1500 1281 25

176 1321 359 1356 rumores,
379 1309 446 1359 qui
465 1309 579 1346 etiam
600 1308 785 1347 furiosum
810 1308 916 1346 illum
938 1308 1149 1346 Caecilium
1171 1309 1440 1346 excitaverunt.

176 1371 268 1418 Quo
307 1378 389 1409 tum
423 1385 489 1409 rex
531 1373 662 1410 animo
693 1372 771 1418 fuit,
812 1373 877 1422 qui
917 1372 1158 1409 auctionatus
1197 1371 1242 1408 sit
1281 1383 1441 1420 seseque

176 1437 337 1487 spoliare
357 1437 530 1475 maluerit
549 1450 665 1487 quam
692 1438 759 1475 tibi
785 1437 990 1487 pecuniam
1021 1449 1101 1474 non
1128 1436 1441 1473 subministrare?

178 1503 253 1540 ‘At
291 1501 363 1550 e0‚'
402 1503 535 1553 inquit,
575 1507 774 1553 ‘ternpore
811 1503 897 1552 ipso
937 1502 1125 1540 Nicaeam
1163 1501 1441 1551 Ephesumque

175 1569 360 1614 mittebat,
382 1569 445 1617 qui
466 1581 640 1607 rumores
660 1568 862 1606 Africanos
892 1569 1111 1617 exciperent
1132 1574 1167 1605 et
1194 1567 1366 1605 celeriter
1392 1567 1441 1604 ad

176 1646 216 1671 se
246 1633 434 1672 referrent.
492 1634 639 1684 Itaque,
662 1646 751 1672 cum
780 1642 880 1672 esset
910 1634 944 1671 ei
973 1633 1192 1670 nuntiatum
1224 1632 1441 1670 Domitium

177 1698 377 1748 naufragio
397 1700 552 1749 perisse,
575 1707 611 1737 te
640 1700 679 1736 in
706 1699 866 1738 castello
895 1699 1176 1744 circumsederi,
1199 1698 1246 1736 de
1266 1697 1441 1736 Domitio

177 1764 270 1803 dixit
301 1777 452 1802 versum
487 1764 682 1803 Graecum
714 1765 850 1803 eadem
885 1765 1083 1812 sententia,
1119 1776 1196 1813 qua
1225 1764 1340 1800 etiam
1370 1775 1441 1801 nos

176 1829 364 1868 habemus
384 1829 567 1868 Latinum
585 1844 592 1867 :

324 1895 487 1933 Pereant
507 1896 630 1941 amici,
652 1896 744 1933 dum
766 1895 908 1932 inimici
928 1908 1006 1932 una
1025 1893 1276 1933 intercidant?

178 1959 298 2006 Quod
330 1960 401 2006 ille,
436 1961 467 1998 si
498 1969 598 1999 esset
631 1961 697 1998 tibi
735 1961 1029 2007 inimicissimus,
1066 1972 1279 2009 numquam
1310 1967 1440 1997 tamen

177 2026 333 2063 dixisset
345 2038 354 2072 ;
402 2026 484 2075 ipse
524 2027 628 2064 enim
667 2033 900 2071 mansuetus,
925 2038 1069 2075 uversus
1109 2025 1284 2063 inmanis.
1361 2024 1440 2072 Qui

177 2098 304 2128 autem
332 2090 507 2129 Domitio
536 2099 684 2141 poterat
712 2104 796 2129 esse
825 2092 982 2138 amicus,
1005 2092 1069 2141 qui
1089 2091 1157 2128 tibi
1186 2098 1284 2128 esset
1314 2090 1439 2127 inimi-

177 2157 274 2194 cus?
331 2156 422 2194 Tibi
441 2169 556 2206 porro
578 2157 756 2195 inimicus
777 2169 845 2194 cur
865 2164 976 2204 esset,
997 2169 1020 2194 a
1040 2168 1118 2206 quo
1138 2168 1227 2194 curn
1248 2155 1306 2193 vel
1326 2156 1438 2194 inter-

177 2221 238 2259 fici
266 2221 354 2260 belli
382 2222 467 2272 lege
498 2223 696 2272 potuisset,
717 2234 848 2272 regem
876 2229 914 2260 et
943 2234 984 2260 se
1005 2228 1041 2260 et
1068 2221 1187 2259 filium
1216 2233 1328 2258 suum
1348 2233 1439 2259 con-
