1659 2499
343 105 437 137 PRO
470 105 525 136 M.
556 105 824 137 MARCELLO
857 105 1050 137 ORATIO.
1113 96 1162 151 ξς
1195 96 1319 151 8—13.
1439 104 1465 148 5

207 211 374 248 tionibus
403 210 482 248 iure
511 217 733 260 antepones.
794 211 903 249 Haec
933 211 1035 249 enim
1067 224 1126 249 res
1156 211 1267 248 unius
1296 217 1352 248 est
1377 222 1466 260 pro-

205 276 283 325 pria
315 274 360 313 C.
397 275 594 321 Caesaris;
634 285 782 314 ceterae
819 276 915 314 duce
948 284 984 314 te
1017 283 1146 326 gestae
1179 288 1343 325 magnae
1382 275 1468 312 illae

205 340 374 390 quidem,
407 341 472 378 sed
507 348 635 378 tamen
667 341 789 379 multo
829 354 1051 391 magnoque
1090 342 1283 379 comitatu.
1342 341 1468 378 Huius

206 412 334 444 autem
366 406 418 444 rei
452 412 491 443 tu
527 406 627 443 idem
663 419 705 444 es
736 415 772 445 et
807 407 883 444 dux
914 415 950 444 et
985 419 1144 452 comes3
1183 419 1281 456 quae
1311 406 1466 456 quidem

207 478 312 509 tanta
340 479 410 513 est,
441 479 485 509 ut
514 472 678 521 tropaeis
707 479 744 509 et
771 472 1020 510 monimentis
1050 472 1122 510 tuis
1152 472 1321 510 adlatura
1351 471 1466 508 finem

206 537 251 574 sit
272 543 376 574 aetas
397 535 507 586 (nihil
529 544 583 574 est
604 537 707 574 enim
728 530 844 586 opere
871 545 908 575 et
935 549 1054 574 manu
1081 537 1236 582 factum,
1258 536 1362 587 quod
1390 548 1467 574 non

206 602 412 652 aliquando
448 601 625 640 conficiat
657 609 693 640 et
728 611 929 640 consumat
963 600 1170 654 vetustas);
1203 610 1239 640 at
1272 602 1366 640 haec
1405 608 1468 638 tua
1491 610 1529 639 12

205 668 345 705 iustitia
383 674 419 705 et
459 667 593 705 lenitas
632 668 747 705 animi
788 668 950 707 florescit
982 668 1122 706 cotidie
1158 668 1294 718 magis,
1333 667 1385 704 ita
1418 673 1469 711 ut,

206 741 393 782 quantum
425 733 499 770 tuis
533 734 714 782 operibus
748 734 973 771 diuturnitas
1007 733 1190 779 detrahet,
1223 738 1372 770 tantum
1406 731 1468 769 ad-

207 797 298 836 serat
328 798 515 836 laudibus.
571 798 621 836 Et
659 807 808 836 ceteros
840 799 995 850 quidem
1031 811 1169 836 omnes
1198 797 1360 836 victores
1391 796 1562 838 bel-021

206 864 329 902 lorum
349 864 512 902 civilium
533 864 609 901 iarn
631 871 719 902 ante
741 865 931 915 aequitate
951 871 989 902 et
1019 864 1279 902 misericordia
1298 863 1444 901 viceras
1463 877 1469 902 z

205 929 392 968 hodierno
411 942 500 968 vero
521 930 582 968 die
602 938 637 967 te
669 931 794 980 ipsum
822 931 951 968 vicisti.
1009 929 1166 975 Vereor,
1192 937 1232 967 ut
1258 929 1343 974 hoc,
1365 929 1470 978 quod

206 995 344 1041 dicam,
385 993 544 1045 perinde
597 996 767 1046 intellegi
817 996 939 1046 possit
991 994 1175 1041 auditum,
1215 1002 1330 1044 atque
1390 995 1469 1044 ipse

206 1061 383 1110 cogitans
407 1062 558 1099 sentio:
587 1061 718 1111 Ipsam
747 1062 943 1099 victoriam
972 1062 1107 1099 vicisse
1128 1061 1278 1107 videris,
1299 1072 1388 1098 cum
1413 1072 1469 1102 ea,

206 1139 306 1176 quae
335 1127 397 1164 illa
426 1136 506 1164 erat
536 1127 686 1177 adepta,
716 1127 822 1164 victis
851 1127 1040 1164 remisisti.
1098 1126 1201 1164 Nam
1231 1138 1321 1164 cum
1351 1126 1471 1175 ipsius

206 1193 385 1230 victoriae
405 1193 632 1231 condicione
662 1205 799 1230 omnes
825 1192 911 1230 victi
937 1186 1224 1237 occidissemus,
1246 1181 1472 1229 clementiae
1495 1189 1499 1192 ’

207 1266 294 1295 tuae
326 1258 466 1296 iudicio
501 1259 715 1296 conservati
755 1270 899 1295 sumus.
957 1257 1079 1295 Recte
1126 1258 1239 1306 igitur
1277 1269 1377 1294 unus
1415 1257 1471 1293 in-

207 1323 325 1360 victus
356 1321 445 1376 [es],
477 1335 499 1360 a
528 1335 607 1374 quo
636 1324 752 1361 etiam
781 1323 900 1372 ipsius
929 1323 1107 1361 victoriae
1138 1322 1316 1360 condicio
1339 1322 1470 1372 visque

206 1388 355 1426 devicta
375 1396 443 1427 est.

208 1478 263 1516 (§§
292 1476 424 1516 13-18).
476 1477 510 1507 T
505 1476 545 1507 lte
567 1476 719 1517 bearings
735 1476 778 1516 of
794 1475 944 1507 Caesar‘s
963 1475 1102 1507 deczzvion
1124 1476 1162 1506 in
1179 1475 1231 1506 the
1246 1485 1314 1506 case
1329 1473 1474 1515 ofMar—

293 1531 393 1563 cellus
423 1536 510 1573 upon
540 1531 594 1562 the
624 1531 727 1562 whole
756 1531 938 1572 Pompez'an
958 1535 1074 1572 party.
1125 1531 1158 1561 T
1153 1529 1191 1560 he
1217 1527 1376 1570 speakcr's
1399 1539 1473 1560 own

288 1586 435 1628 position
447 1597 457 1617 :
481 1586 553 1617 and
565 1586 630 1617 like
645 1585 729 1624 him,
752 1586 935 1617 Marcellus
955 1585 1082 1626 always
1085 1583 1212 1626 feared
1227 1583 1280 1615 tlte
1294 1594 1427 1615 exc-esses
1443 1583 1484 1625 Of

294 1642 348 1673 Iris
372 1652 447 1674 own
463 1646 568 1683 party
591 1642 629 1673 in
651 1641 706 1672 tlte
728 1646 822 1673 event
843 1640 884 1682 Of
897 1640 987 1672 their
1012 1641 1147 1681 victory.
1196 1638 1343 1671 Caesar's
1365 1650 1421 1671 use
1442 1639 1484 1680 of

294 1697 428 1738 victory.

264 1769 306 1804 5-
338 1769 466 1818 Atque
496 1769 569 1807 hoc
600 1768 645 1807 C.
667 1768 842 1806 Caesaris
871 1768 1065 1814 iudicium,
1097 1774 1224 1817 patres
1253 1766 1471 1816 conscripti,
1494 1770 1534 1799 13

208 1847 326 1885 quam
365 1835 437 1872 late
470 1841 610 1884 pateat,
641 1834 847 1872 adtendite.
904 1833 1054 1872 Omnes
1092 1834 1208 1879 enim,
1239 1833 1303 1883 qui
1333 1832 1382 1870 ad
1411 1831 1472 1869 illa

208 1913 315 1939 arma
347 1900 427 1938 fato
457 1912 590 1938 sumus
620 1900 751 1953 nescio
780 1888 859 1949 quo
888 1900 941 1937 rei
970 1899 1147 1949 publicae
1174 1898 1314 1935 misero
1344 1897 1472 1935 funes-

163 2007 167 2010 Α
207 1973 325 2016 toque
345 1965 534 2016 conpulsi,
554 1966 624 2003 etsi
652 1965 780 2016 aliqua
806 1965 919 2015 culpa
944 1972 1119 2002 tenemur
1145 1964 1279 2002 erroris
1302 1962 1473 2007 humani,

180 2046 183 2050 ·
208 2030 348 2083 scelere
377 2037 477 2068 certe
506 2031 653 2068 liberati
687 2042 830 2068 sumus.
888 2029 1002 2076 Nam,
1033 2042 1122 2068 cum
1156 2029 1212 2066 M.
1243 2027 1474 2066 Marcellum

208 2088 502 2146 deprecantibus
530 2097 639 2134 vobis
667 2096 721 2133 rei
749 2096 926 2145 publicae
956 2095 1204 2140 conservavit,
1224 2106 1286 2131 me
1315 2101 1351 2131 et
1380 2092 1473 2130 mihi

208 2169 246 2198 et
274 2161 365 2199 item
393 2162 446 2198 rei
475 2161 651 2210 publicae
680 2161 786 2199 nullo
819 2161 1059 2210 deprecante,
1089 2160 1256 2209 reliquos
1287 2158 1474 2208 amplissi-

209 2238 295 2264 mos
314 2227 414 2264 viros
433 2232 469 2264 et
490 2227 561 2264 sibi
581 2227 687 2283 ipsps
714 2234 750 2264 et
776 2227 920 2276 patriae
946 2225 1119 2272 reddidit,
1140 2237 1304 2275 quorum
1334 2232 1369 2262 et
1400 2222 1473 2261 fre·
